%YAML 1.1
%TAG !u! tag:unity3d.com,2011:
--- !u!29 &1
OcclusionCullingSettings:
  m_ObjectHideFlags: 0
  serializedVersion: 2
  m_OcclusionBakeSettings:
    smallestOccluder: 5
    smallestHole: 0.25
    backfaceThreshold: 100
  m_SceneGUID: 00000000000000000000000000000000
  m_OcclusionCullingData: {fileID: 0}
--- !u!104 &2
RenderSettings:
  m_ObjectHideFlags: 0
  serializedVersion: 9
  m_Fog: 1
  m_FogColor: {r: 0.91372555, g: 0.91372555, b: 0.91372555, a: 1}
  m_FogMode: 3
  m_FogDensity: 0.01
  m_LinearFogStart: 0
  m_LinearFogEnd: 300
  m_AmbientSkyColor: {r: 0.212, g: 0.227, b: 0.259, a: 1}
  m_AmbientEquatorColor: {r: 0.114, g: 0.125, b: 0.133, a: 1}
  m_AmbientGroundColor: {r: 0.047, g: 0.043, b: 0.035, a: 1}
  m_AmbientIntensity: 1
  m_AmbientMode: 0
  m_SubtractiveShadowColor: {r: 0.42, g: 0.478, b: 0.627, a: 1}
  m_SkyboxMaterial: {fileID: 10304, guid: 0000000000000000f000000000000000, type: 0}
  m_HaloStrength: 0.5
  m_FlareStrength: 1
  m_FlareFadeSpeed: 3
  m_HaloTexture: {fileID: 0}
  m_SpotCookie: {fileID: 10001, guid: 0000000000000000e000000000000000, type: 0}
  m_DefaultReflectionMode: 0
  m_DefaultReflectionResolution: 128
  m_ReflectionBounces: 1
  m_ReflectionIntensity: 1
  m_CustomReflection: {fileID: 0}
  m_Sun: {fileID: 705507994}
  m_IndirectSpecularColor: {r: 0.44657755, g: 0.4964127, b: 0.57481825, a: 1}
  m_UseRadianceAmbientProbe: 0
--- !u!157 &3
LightmapSettings:
  m_ObjectHideFlags: 0
  serializedVersion: 12
  m_GIWorkflowMode: 1
  m_GISettings:
    serializedVersion: 2
    m_BounceScale: 1
    m_IndirectOutputScale: 1
    m_AlbedoBoost: 1
    m_EnvironmentLightingMode: 0
    m_EnableBakedLightmaps: 1
    m_EnableRealtimeLightmaps: 0
  m_LightmapEditorSettings:
    serializedVersion: 12
    m_Resolution: 2
    m_BakeResolution: 40
    m_AtlasSize: 1024
    m_AO: 0
    m_AOMaxDistance: 1
    m_CompAOExponent: 1
    m_CompAOExponentDirect: 0
    m_ExtractAmbientOcclusion: 0
    m_Padding: 2
    m_LightmapParameters: {fileID: 0}
    m_LightmapsBakeMode: 1
    m_TextureCompression: 1
    m_FinalGather: 0
    m_FinalGatherFiltering: 1
    m_FinalGatherRayCount: 256
    m_ReflectionCompression: 2
    m_MixedBakeMode: 2
    m_BakeBackend: 1
    m_PVRSampling: 1
    m_PVRDirectSampleCount: 32
    m_PVRSampleCount: 500
    m_PVRBounces: 2
    m_PVREnvironmentSampleCount: 500
    m_PVREnvironmentReferencePointCount: 2048
    m_PVRFilteringMode: 2
    m_PVRDenoiserTypeDirect: 0
    m_PVRDenoiserTypeIndirect: 0
    m_PVRDenoiserTypeAO: 0
    m_PVRFilterTypeDirect: 0
    m_PVRFilterTypeIndirect: 0
    m_PVRFilterTypeAO: 0
    m_PVREnvironmentMIS: 0
    m_PVRCulling: 1
    m_PVRFilteringGaussRadiusDirect: 1
    m_PVRFilteringGaussRadiusIndirect: 5
    m_PVRFilteringGaussRadiusAO: 2
    m_PVRFilteringAtrousPositionSigmaDirect: 0.5
    m_PVRFilteringAtrousPositionSigmaIndirect: 2
    m_PVRFilteringAtrousPositionSigmaAO: 1
    m_ExportTrainingData: 0
    m_TrainingDataDestination: TrainingData
    m_LightProbeSampleCountMultiplier: 4
  m_LightingDataAsset: {fileID: 112000000, guid: 179c2a62c68fc7f4583f6aa943538abc, type: 2}
  m_LightingSettings: {fileID: 4890085278179872738, guid: d99dc12cb549f13429002532138b5945, type: 2}
--- !u!196 &4
NavMeshSettings:
  serializedVersion: 2
  m_ObjectHideFlags: 0
  m_BuildSettings:
    serializedVersion: 2
    agentTypeID: 0
    agentRadius: 0.5
    agentHeight: 2
    agentSlope: 45
    agentClimb: 0.4
    ledgeDropHeight: 0
    maxJumpAcrossDistance: 0
    minRegionArea: 2
    manualCellSize: 0
    cellSize: 0.16666667
    manualTileSize: 0
    tileSize: 256
    accuratePlacement: 0
    maxJobWorkers: 0
    preserveTilesOutsideBounds: 0
    debug:
      m_Flags: 0
  m_NavMeshData: {fileID: 0}
--- !u!1001 &44071094
PrefabInstance:
  m_ObjectHideFlags: 0
  serializedVersion: 2
  m_Modification:
    m_TransformParent: {fileID: 1104274740}
    m_Modifications:
    - target: {fileID: 5659843770390739535, guid: b34ae8b7553dcae4981e41e1a7993ec2, type: 3}
      propertyPath: m_RootOrder
      value: 2
      objectReference: {fileID: 0}
    - target: {fileID: 5659843770390739535, guid: b34ae8b7553dcae4981e41e1a7993ec2, type: 3}
      propertyPath: m_LocalScale.x
      value: 1
      objectReference: {fileID: 0}
    - target: {fileID: 5659843770390739535, guid: b34ae8b7553dcae4981e41e1a7993ec2, type: 3}
      propertyPath: m_LocalPosition.x
      value: 2.5
      objectReference: {fileID: 0}
    - target: {fileID: 5659843770390739535, guid: b34ae8b7553dcae4981e41e1a7993ec2, type: 3}
      propertyPath: m_LocalPosition.y
      value: 0
      objectReference: {fileID: 0}
    - target: {fileID: 5659843770390739535, guid: b34ae8b7553dcae4981e41e1a7993ec2, type: 3}
      propertyPath: m_LocalPosition.z
      value: 0
      objectReference: {fileID: 0}
    - target: {fileID: 5659843770390739535, guid: b34ae8b7553dcae4981e41e1a7993ec2, type: 3}
      propertyPath: m_LocalRotation.w
      value: 1
      objectReference: {fileID: 0}
    - target: {fileID: 5659843770390739535, guid: b34ae8b7553dcae4981e41e1a7993ec2, type: 3}
      propertyPath: m_LocalRotation.x
      value: -0
      objectReference: {fileID: 0}
    - target: {fileID: 5659843770390739535, guid: b34ae8b7553dcae4981e41e1a7993ec2, type: 3}
      propertyPath: m_LocalRotation.y
      value: -0
      objectReference: {fileID: 0}
    - target: {fileID: 5659843770390739535, guid: b34ae8b7553dcae4981e41e1a7993ec2, type: 3}
      propertyPath: m_LocalRotation.z
      value: -0
      objectReference: {fileID: 0}
    - target: {fileID: 5659843770390739535, guid: b34ae8b7553dcae4981e41e1a7993ec2, type: 3}
      propertyPath: m_LocalEulerAnglesHint.x
      value: 0
      objectReference: {fileID: 0}
    - target: {fileID: 5659843770390739535, guid: b34ae8b7553dcae4981e41e1a7993ec2, type: 3}
      propertyPath: m_LocalEulerAnglesHint.y
      value: 0
      objectReference: {fileID: 0}
    - target: {fileID: 5659843770390739535, guid: b34ae8b7553dcae4981e41e1a7993ec2, type: 3}
      propertyPath: m_LocalEulerAnglesHint.z
      value: 0
      objectReference: {fileID: 0}
    - target: {fileID: 5659843770390739538, guid: b34ae8b7553dcae4981e41e1a7993ec2, type: 3}
      propertyPath: m_Name
      value: Obstacle (1)
      objectReference: {fileID: 0}
    - target: {fileID: 5659843770390739539, guid: b34ae8b7553dcae4981e41e1a7993ec2, type: 3}
      propertyPath: m_Mass
      value: 2
      objectReference: {fileID: 0}
    - target: {fileID: 5659843770390739539, guid: b34ae8b7553dcae4981e41e1a7993ec2, type: 3}
      propertyPath: m_Constraints
      value: 126
      objectReference: {fileID: 0}
    - target: {fileID: 5659843770390739539, guid: b34ae8b7553dcae4981e41e1a7993ec2, type: 3}
      propertyPath: m_CollisionDetection
      value: 1
      objectReference: {fileID: 0}
    m_RemovedComponents: []
  m_SourcePrefab: {fileID: 100100000, guid: b34ae8b7553dcae4981e41e1a7993ec2, type: 3}
--- !u!1001 &116887558
PrefabInstance:
  m_ObjectHideFlags: 0
  serializedVersion: 2
  m_Modification:
    m_TransformParent: {fileID: 733005587}
    m_Modifications:
    - target: {fileID: 5659843770390739535, guid: b34ae8b7553dcae4981e41e1a7993ec2, type: 3}
      propertyPath: m_RootOrder
      value: 8
      objectReference: {fileID: 0}
    - target: {fileID: 5659843770390739535, guid: b34ae8b7553dcae4981e41e1a7993ec2, type: 3}
      propertyPath: m_LocalScale.x
      value: 1
      objectReference: {fileID: 0}
    - target: {fileID: 5659843770390739535, guid: b34ae8b7553dcae4981e41e1a7993ec2, type: 3}
      propertyPath: m_LocalPosition.x
      value: 0
      objectReference: {fileID: 0}
    - target: {fileID: 5659843770390739535, guid: b34ae8b7553dcae4981e41e1a7993ec2, type: 3}
      propertyPath: m_LocalPosition.y
      value: 0
      objectReference: {fileID: 0}
    - target: {fileID: 5659843770390739535, guid: b34ae8b7553dcae4981e41e1a7993ec2, type: 3}
      propertyPath: m_LocalPosition.z
      value: 58.09999
      objectReference: {fileID: 0}
    - target: {fileID: 5659843770390739535, guid: b34ae8b7553dcae4981e41e1a7993ec2, type: 3}
      propertyPath: m_LocalRotation.w
      value: 1
      objectReference: {fileID: 0}
    - target: {fileID: 5659843770390739535, guid: b34ae8b7553dcae4981e41e1a7993ec2, type: 3}
      propertyPath: m_LocalRotation.x
      value: -0
      objectReference: {fileID: 0}
    - target: {fileID: 5659843770390739535, guid: b34ae8b7553dcae4981e41e1a7993ec2, type: 3}
      propertyPath: m_LocalRotation.y
      value: -0
      objectReference: {fileID: 0}
    - target: {fileID: 5659843770390739535, guid: b34ae8b7553dcae4981e41e1a7993ec2, type: 3}
      propertyPath: m_LocalRotation.z
      value: -0
      objectReference: {fileID: 0}
    - target: {fileID: 5659843770390739535, guid: b34ae8b7553dcae4981e41e1a7993ec2, type: 3}
      propertyPath: m_LocalEulerAnglesHint.x
      value: 0
      objectReference: {fileID: 0}
    - target: {fileID: 5659843770390739535, guid: b34ae8b7553dcae4981e41e1a7993ec2, type: 3}
      propertyPath: m_LocalEulerAnglesHint.y
      value: 0
      objectReference: {fileID: 0}
    - target: {fileID: 5659843770390739535, guid: b34ae8b7553dcae4981e41e1a7993ec2, type: 3}
      propertyPath: m_LocalEulerAnglesHint.z
      value: 0
      objectReference: {fileID: 0}
    - target: {fileID: 5659843770390739538, guid: b34ae8b7553dcae4981e41e1a7993ec2, type: 3}
      propertyPath: m_Name
      value: Obstacle (1)
      objectReference: {fileID: 0}
    - target: {fileID: 5659843770390739539, guid: b34ae8b7553dcae4981e41e1a7993ec2, type: 3}
      propertyPath: m_Mass
      value: 2
      objectReference: {fileID: 0}
    - target: {fileID: 5659843770390739539, guid: b34ae8b7553dcae4981e41e1a7993ec2, type: 3}
      propertyPath: m_Constraints
      value: 126
      objectReference: {fileID: 0}
    - target: {fileID: 5659843770390739539, guid: b34ae8b7553dcae4981e41e1a7993ec2, type: 3}
      propertyPath: m_CollisionDetection
      value: 1
      objectReference: {fileID: 0}
    m_RemovedComponents: []
  m_SourcePrefab: {fileID: 100100000, guid: b34ae8b7553dcae4981e41e1a7993ec2, type: 3}
--- !u!1001 &237001385
PrefabInstance:
  m_ObjectHideFlags: 0
  serializedVersion: 2
  m_Modification:
    m_TransformParent: {fileID: 733005587}
    m_Modifications:
    - target: {fileID: 5659843770390739535, guid: b34ae8b7553dcae4981e41e1a7993ec2, type: 3}
      propertyPath: m_RootOrder
      value: 9
      objectReference: {fileID: 0}
    - target: {fileID: 5659843770390739535, guid: b34ae8b7553dcae4981e41e1a7993ec2, type: 3}
      propertyPath: m_LocalScale.x
      value: 1
      objectReference: {fileID: 0}
    - target: {fileID: 5659843770390739535, guid: b34ae8b7553dcae4981e41e1a7993ec2, type: 3}
      propertyPath: m_LocalPosition.x
      value: 0
      objectReference: {fileID: 0}
    - target: {fileID: 5659843770390739535, guid: b34ae8b7553dcae4981e41e1a7993ec2, type: 3}
      propertyPath: m_LocalPosition.y
      value: 0
      objectReference: {fileID: 0}
    - target: {fileID: 5659843770390739535, guid: b34ae8b7553dcae4981e41e1a7993ec2, type: 3}
      propertyPath: m_LocalPosition.z
      value: 115.2
      objectReference: {fileID: 0}
    - target: {fileID: 5659843770390739535, guid: b34ae8b7553dcae4981e41e1a7993ec2, type: 3}
      propertyPath: m_LocalRotation.w
      value: 1
      objectReference: {fileID: 0}
    - target: {fileID: 5659843770390739535, guid: b34ae8b7553dcae4981e41e1a7993ec2, type: 3}
      propertyPath: m_LocalRotation.x
      value: -0
      objectReference: {fileID: 0}
    - target: {fileID: 5659843770390739535, guid: b34ae8b7553dcae4981e41e1a7993ec2, type: 3}
      propertyPath: m_LocalRotation.y
      value: -0
      objectReference: {fileID: 0}
    - target: {fileID: 5659843770390739535, guid: b34ae8b7553dcae4981e41e1a7993ec2, type: 3}
      propertyPath: m_LocalRotation.z
      value: -0
      objectReference: {fileID: 0}
    - target: {fileID: 5659843770390739535, guid: b34ae8b7553dcae4981e41e1a7993ec2, type: 3}
      propertyPath: m_LocalEulerAnglesHint.x
      value: 0
      objectReference: {fileID: 0}
    - target: {fileID: 5659843770390739535, guid: b34ae8b7553dcae4981e41e1a7993ec2, type: 3}
      propertyPath: m_LocalEulerAnglesHint.y
      value: 0
      objectReference: {fileID: 0}
    - target: {fileID: 5659843770390739535, guid: b34ae8b7553dcae4981e41e1a7993ec2, type: 3}
      propertyPath: m_LocalEulerAnglesHint.z
      value: 0
      objectReference: {fileID: 0}
    - target: {fileID: 5659843770390739538, guid: b34ae8b7553dcae4981e41e1a7993ec2, type: 3}
      propertyPath: m_Name
      value: Obstacle (2)
      objectReference: {fileID: 0}
    - target: {fileID: 5659843770390739539, guid: b34ae8b7553dcae4981e41e1a7993ec2, type: 3}
      propertyPath: m_Mass
      value: 2
      objectReference: {fileID: 0}
    - target: {fileID: 5659843770390739539, guid: b34ae8b7553dcae4981e41e1a7993ec2, type: 3}
      propertyPath: m_Constraints
      value: 126
      objectReference: {fileID: 0}
    - target: {fileID: 5659843770390739539, guid: b34ae8b7553dcae4981e41e1a7993ec2, type: 3}
      propertyPath: m_CollisionDetection
      value: 1
      objectReference: {fileID: 0}
    m_RemovedComponents: []
  m_SourcePrefab: {fileID: 100100000, guid: b34ae8b7553dcae4981e41e1a7993ec2, type: 3}
--- !u!1 &322515596 stripped
GameObject:
  m_CorrespondingSourceObject: {fileID: 6240055506511464609, guid: 9e4f1aa2d28723c49874b94ffac8534e, type: 3}
  m_PrefabInstance: {fileID: 6240055506831882797}
  m_PrefabAsset: {fileID: 0}
--- !u!114 &322515597
MonoBehaviour:
  m_ObjectHideFlags: 0
  m_CorrespondingSourceObject: {fileID: 0}
  m_PrefabInstance: {fileID: 0}
  m_PrefabAsset: {fileID: 0}
  m_GameObject: {fileID: 322515596}
  m_Enabled: 1
  m_EditorHideFlags: 0
  m_Script: {fileID: 11500000, guid: f0a466f4c07649745a70c2e677b92e22, type: 3}
  m_Name: 
  m_EditorClassIdentifier: 
--- !u!95 &322515600
Animator:
  serializedVersion: 3
  m_ObjectHideFlags: 0
  m_CorrespondingSourceObject: {fileID: 0}
  m_PrefabInstance: {fileID: 0}
  m_PrefabAsset: {fileID: 0}
  m_GameObject: {fileID: 322515596}
  m_Enabled: 1
  m_Avatar: {fileID: 0}
  m_Controller: {fileID: 9100000, guid: 8209f09153b19954f91fec56efbacd36, type: 2}
  m_CullingMode: 0
  m_UpdateMode: 0
  m_ApplyRootMotion: 0
  m_LinearVelocityBlending: 0
  m_WarningMessage: 
  m_HasTransformHierarchy: 1
  m_AllowConstantClipSamplingOptimization: 1
  m_KeepAnimatorControllerStateOnDisable: 0
--- !u!1 &416767663
GameObject:
  m_ObjectHideFlags: 0
  m_CorrespondingSourceObject: {fileID: 0}
  m_PrefabInstance: {fileID: 0}
  m_PrefabAsset: {fileID: 0}
  serializedVersion: 6
  m_Component:
  - component: {fileID: 416767666}
  - component: {fileID: 416767665}
  - component: {fileID: 416767664}
  m_Layer: 0
  m_Name: EventSystem
  m_TagString: Untagged
  m_Icon: {fileID: 0}
  m_NavMeshLayer: 0
  m_StaticEditorFlags: 0
  m_IsActive: 1
--- !u!114 &416767664
MonoBehaviour:
  m_ObjectHideFlags: 0
  m_CorrespondingSourceObject: {fileID: 0}
  m_PrefabInstance: {fileID: 0}
  m_PrefabAsset: {fileID: 0}
  m_GameObject: {fileID: 416767663}
  m_Enabled: 1
  m_EditorHideFlags: 0
  m_Script: {fileID: 11500000, guid: 4f231c4fb786f3946a6b90b886c48677, type: 3}
  m_Name: 
  m_EditorClassIdentifier: 
  m_HorizontalAxis: Horizontal
  m_VerticalAxis: Vertical
  m_SubmitButton: Submit
  m_CancelButton: Cancel
  m_InputActionsPerSecond: 10
  m_RepeatDelay: 0.5
  m_ForceModuleActive: 0
--- !u!114 &416767665
MonoBehaviour:
  m_ObjectHideFlags: 0
  m_CorrespondingSourceObject: {fileID: 0}
  m_PrefabInstance: {fileID: 0}
  m_PrefabAsset: {fileID: 0}
  m_GameObject: {fileID: 416767663}
  m_Enabled: 1
  m_EditorHideFlags: 0
  m_Script: {fileID: 11500000, guid: 76c392e42b5098c458856cdf6ecaaaa1, type: 3}
  m_Name: 
  m_EditorClassIdentifier: 
  m_FirstSelected: {fileID: 0}
  m_sendNavigationEvents: 1
  m_DragThreshold: 10
--- !u!4 &416767666
Transform:
  m_ObjectHideFlags: 0
  m_CorrespondingSourceObject: {fileID: 0}
  m_PrefabInstance: {fileID: 0}
  m_PrefabAsset: {fileID: 0}
  m_GameObject: {fileID: 416767663}
  m_LocalRotation: {x: 0, y: 0, z: 0, w: 1}
  m_LocalPosition: {x: 0, y: 0, z: 0}
  m_LocalScale: {x: 1, y: 1, z: 1}
  m_Children: []
  m_Father: {fileID: 0}
  m_RootOrder: 8
  m_LocalEulerAnglesHint: {x: 0, y: 0, z: 0}
--- !u!1001 &477111847
PrefabInstance:
  m_ObjectHideFlags: 0
  serializedVersion: 2
  m_Modification:
    m_TransformParent: {fileID: 1104274740}
    m_Modifications:
    - target: {fileID: 5659843770390739535, guid: b34ae8b7553dcae4981e41e1a7993ec2, type: 3}
      propertyPath: m_RootOrder
      value: 1
      objectReference: {fileID: 0}
    - target: {fileID: 5659843770390739535, guid: b34ae8b7553dcae4981e41e1a7993ec2, type: 3}
      propertyPath: m_LocalScale.x
      value: 1
      objectReference: {fileID: 0}
    - target: {fileID: 5659843770390739535, guid: b34ae8b7553dcae4981e41e1a7993ec2, type: 3}
      propertyPath: m_LocalPosition.x
      value: -2.5
      objectReference: {fileID: 0}
    - target: {fileID: 5659843770390739535, guid: b34ae8b7553dcae4981e41e1a7993ec2, type: 3}
      propertyPath: m_LocalPosition.y
      value: 0
      objectReference: {fileID: 0}
    - target: {fileID: 5659843770390739535, guid: b34ae8b7553dcae4981e41e1a7993ec2, type: 3}
      propertyPath: m_LocalPosition.z
      value: 0
      objectReference: {fileID: 0}
    - target: {fileID: 5659843770390739535, guid: b34ae8b7553dcae4981e41e1a7993ec2, type: 3}
      propertyPath: m_LocalRotation.w
      value: 1
      objectReference: {fileID: 0}
    - target: {fileID: 5659843770390739535, guid: b34ae8b7553dcae4981e41e1a7993ec2, type: 3}
      propertyPath: m_LocalRotation.x
      value: -0
      objectReference: {fileID: 0}
    - target: {fileID: 5659843770390739535, guid: b34ae8b7553dcae4981e41e1a7993ec2, type: 3}
      propertyPath: m_LocalRotation.y
      value: -0
      objectReference: {fileID: 0}
    - target: {fileID: 5659843770390739535, guid: b34ae8b7553dcae4981e41e1a7993ec2, type: 3}
      propertyPath: m_LocalRotation.z
      value: -0
      objectReference: {fileID: 0}
    - target: {fileID: 5659843770390739535, guid: b34ae8b7553dcae4981e41e1a7993ec2, type: 3}
      propertyPath: m_LocalEulerAnglesHint.x
      value: 0
      objectReference: {fileID: 0}
    - target: {fileID: 5659843770390739535, guid: b34ae8b7553dcae4981e41e1a7993ec2, type: 3}
      propertyPath: m_LocalEulerAnglesHint.y
      value: 0
      objectReference: {fileID: 0}
    - target: {fileID: 5659843770390739535, guid: b34ae8b7553dcae4981e41e1a7993ec2, type: 3}
      propertyPath: m_LocalEulerAnglesHint.z
      value: 0
      objectReference: {fileID: 0}
    - target: {fileID: 5659843770390739538, guid: b34ae8b7553dcae4981e41e1a7993ec2, type: 3}
      propertyPath: m_Name
      value: Obstacle (2)
      objectReference: {fileID: 0}
    - target: {fileID: 5659843770390739539, guid: b34ae8b7553dcae4981e41e1a7993ec2, type: 3}
      propertyPath: m_Mass
      value: 2
      objectReference: {fileID: 0}
    - target: {fileID: 5659843770390739539, guid: b34ae8b7553dcae4981e41e1a7993ec2, type: 3}
      propertyPath: m_Constraints
      value: 126
      objectReference: {fileID: 0}
    - target: {fileID: 5659843770390739539, guid: b34ae8b7553dcae4981e41e1a7993ec2, type: 3}
      propertyPath: m_CollisionDetection
      value: 1
      objectReference: {fileID: 0}
    m_RemovedComponents: []
  m_SourcePrefab: {fileID: 100100000, guid: b34ae8b7553dcae4981e41e1a7993ec2, type: 3}
--- !u!1001 &507683346
PrefabInstance:
  m_ObjectHideFlags: 0
  serializedVersion: 2
  m_Modification:
    m_TransformParent: {fileID: 2031230207}
    m_Modifications:
    - target: {fileID: 5659843770390739535, guid: b34ae8b7553dcae4981e41e1a7993ec2, type: 3}
      propertyPath: m_RootOrder
      value: 1
      objectReference: {fileID: 0}
    - target: {fileID: 5659843770390739535, guid: b34ae8b7553dcae4981e41e1a7993ec2, type: 3}
      propertyPath: m_LocalScale.x
      value: 2.5
      objectReference: {fileID: 0}
    - target: {fileID: 5659843770390739535, guid: b34ae8b7553dcae4981e41e1a7993ec2, type: 3}
      propertyPath: m_LocalPosition.x
      value: -2.5
      objectReference: {fileID: 0}
    - target: {fileID: 5659843770390739535, guid: b34ae8b7553dcae4981e41e1a7993ec2, type: 3}
      propertyPath: m_LocalPosition.y
      value: 0
      objectReference: {fileID: 0}
    - target: {fileID: 5659843770390739535, guid: b34ae8b7553dcae4981e41e1a7993ec2, type: 3}
      propertyPath: m_LocalPosition.z
      value: 12
      objectReference: {fileID: 0}
    - target: {fileID: 5659843770390739535, guid: b34ae8b7553dcae4981e41e1a7993ec2, type: 3}
      propertyPath: m_LocalRotation.w
      value: 1
      objectReference: {fileID: 0}
    - target: {fileID: 5659843770390739535, guid: b34ae8b7553dcae4981e41e1a7993ec2, type: 3}
      propertyPath: m_LocalRotation.x
      value: -0
      objectReference: {fileID: 0}
    - target: {fileID: 5659843770390739535, guid: b34ae8b7553dcae4981e41e1a7993ec2, type: 3}
      propertyPath: m_LocalRotation.y
      value: -0
      objectReference: {fileID: 0}
    - target: {fileID: 5659843770390739535, guid: b34ae8b7553dcae4981e41e1a7993ec2, type: 3}
      propertyPath: m_LocalRotation.z
      value: -0
      objectReference: {fileID: 0}
    - target: {fileID: 5659843770390739535, guid: b34ae8b7553dcae4981e41e1a7993ec2, type: 3}
      propertyPath: m_LocalEulerAnglesHint.x
      value: 0
      objectReference: {fileID: 0}
    - target: {fileID: 5659843770390739535, guid: b34ae8b7553dcae4981e41e1a7993ec2, type: 3}
      propertyPath: m_LocalEulerAnglesHint.y
      value: 0
      objectReference: {fileID: 0}
    - target: {fileID: 5659843770390739535, guid: b34ae8b7553dcae4981e41e1a7993ec2, type: 3}
      propertyPath: m_LocalEulerAnglesHint.z
      value: 0
      objectReference: {fileID: 0}
    - target: {fileID: 5659843770390739538, guid: b34ae8b7553dcae4981e41e1a7993ec2, type: 3}
      propertyPath: m_Name
      value: Obstacle (4)
      objectReference: {fileID: 0}
    - target: {fileID: 5659843770390739539, guid: b34ae8b7553dcae4981e41e1a7993ec2, type: 3}
      propertyPath: m_Mass
      value: 2
      objectReference: {fileID: 0}
    - target: {fileID: 5659843770390739539, guid: b34ae8b7553dcae4981e41e1a7993ec2, type: 3}
      propertyPath: m_Constraints
      value: 126
      objectReference: {fileID: 0}
    - target: {fileID: 5659843770390739539, guid: b34ae8b7553dcae4981e41e1a7993ec2, type: 3}
      propertyPath: m_CollisionDetection
      value: 1
      objectReference: {fileID: 0}
    m_RemovedComponents: []
  m_SourcePrefab: {fileID: 100100000, guid: b34ae8b7553dcae4981e41e1a7993ec2, type: 3}
--- !u!1 &705507993
GameObject:
  m_ObjectHideFlags: 0
  m_CorrespondingSourceObject: {fileID: 0}
  m_PrefabInstance: {fileID: 0}
  m_PrefabAsset: {fileID: 0}
  serializedVersion: 6
  m_Component:
  - component: {fileID: 705507995}
  - component: {fileID: 705507994}
  m_Layer: 0
  m_Name: Directional Light
  m_TagString: Untagged
  m_Icon: {fileID: 0}
  m_NavMeshLayer: 0
  m_StaticEditorFlags: 0
  m_IsActive: 1
--- !u!108 &705507994
Light:
  m_ObjectHideFlags: 0
  m_CorrespondingSourceObject: {fileID: 0}
  m_PrefabInstance: {fileID: 0}
  m_PrefabAsset: {fileID: 0}
  m_GameObject: {fileID: 705507993}
  m_Enabled: 1
  serializedVersion: 10
  m_Type: 1
  m_Shape: 0
  m_Color: {r: 1, g: 0.95686275, b: 0.8392157, a: 1}
  m_Intensity: 1
  m_Range: 10
  m_SpotAngle: 30
  m_InnerSpotAngle: 21.80208
  m_CookieSize: 10
  m_Shadows:
    m_Type: 2
    m_Resolution: -1
    m_CustomResolution: -1
    m_Strength: 1
    m_Bias: 0.05
    m_NormalBias: 0.4
    m_NearPlane: 0.2
    m_CullingMatrixOverride:
      e00: 1
      e01: 0
      e02: 0
      e03: 0
      e10: 0
      e11: 1
      e12: 0
      e13: 0
      e20: 0
      e21: 0
      e22: 1
      e23: 0
      e30: 0
      e31: 0
      e32: 0
      e33: 1
    m_UseCullingMatrixOverride: 0
  m_Cookie: {fileID: 0}
  m_DrawHalo: 0
  m_Flare: {fileID: 0}
  m_RenderMode: 0
  m_CullingMask:
    serializedVersion: 2
    m_Bits: 4294967295
  m_RenderingLayerMask: 1
  m_Lightmapping: 1
  m_LightShadowCasterMode: 0
  m_AreaSize: {x: 1, y: 1}
  m_BounceIntensity: 1
  m_ColorTemperature: 6570
  m_UseColorTemperature: 0
  m_BoundingSphereOverride: {x: 0, y: 0, z: 0, w: 0}
  m_UseBoundingSphereOverride: 0
  m_UseViewFrustumForShadowCasterCull: 1
  m_ShadowRadius: 0
  m_ShadowAngle: 0
--- !u!4 &705507995
Transform:
  m_ObjectHideFlags: 0
  m_CorrespondingSourceObject: {fileID: 0}
  m_PrefabInstance: {fileID: 0}
  m_PrefabAsset: {fileID: 0}
  m_GameObject: {fileID: 705507993}
  m_LocalRotation: {x: 0.42261827, y: 0, z: 0, w: 0.9063079}
  m_LocalPosition: {x: 0, y: 5, z: 50}
  m_LocalScale: {x: 1, y: 1, z: 1}
  m_Children: []
  m_Father: {fileID: 0}
  m_RootOrder: 4
  m_LocalEulerAnglesHint: {x: 50, y: 0, z: 0}
--- !u!1001 &706810093
PrefabInstance:
  m_ObjectHideFlags: 0
  serializedVersion: 2
  m_Modification:
    m_TransformParent: {fileID: 1104274740}
    m_Modifications:
    - target: {fileID: 5659843770390739535, guid: b34ae8b7553dcae4981e41e1a7993ec2, type: 3}
      propertyPath: m_RootOrder
      value: 4
      objectReference: {fileID: 0}
    - target: {fileID: 5659843770390739535, guid: b34ae8b7553dcae4981e41e1a7993ec2, type: 3}
      propertyPath: m_LocalScale.x
      value: 1
      objectReference: {fileID: 0}
    - target: {fileID: 5659843770390739535, guid: b34ae8b7553dcae4981e41e1a7993ec2, type: 3}
      propertyPath: m_LocalPosition.x
      value: -3.25
      objectReference: {fileID: 0}
    - target: {fileID: 5659843770390739535, guid: b34ae8b7553dcae4981e41e1a7993ec2, type: 3}
      propertyPath: m_LocalPosition.y
      value: 0
      objectReference: {fileID: 0}
    - target: {fileID: 5659843770390739535, guid: b34ae8b7553dcae4981e41e1a7993ec2, type: 3}
      propertyPath: m_LocalPosition.z
      value: 40
      objectReference: {fileID: 0}
    - target: {fileID: 5659843770390739535, guid: b34ae8b7553dcae4981e41e1a7993ec2, type: 3}
      propertyPath: m_LocalRotation.w
      value: 1
      objectReference: {fileID: 0}
    - target: {fileID: 5659843770390739535, guid: b34ae8b7553dcae4981e41e1a7993ec2, type: 3}
      propertyPath: m_LocalRotation.x
      value: -0
      objectReference: {fileID: 0}
    - target: {fileID: 5659843770390739535, guid: b34ae8b7553dcae4981e41e1a7993ec2, type: 3}
      propertyPath: m_LocalRotation.y
      value: -0
      objectReference: {fileID: 0}
    - target: {fileID: 5659843770390739535, guid: b34ae8b7553dcae4981e41e1a7993ec2, type: 3}
      propertyPath: m_LocalRotation.z
      value: -0
      objectReference: {fileID: 0}
    - target: {fileID: 5659843770390739535, guid: b34ae8b7553dcae4981e41e1a7993ec2, type: 3}
      propertyPath: m_LocalEulerAnglesHint.x
      value: 0
      objectReference: {fileID: 0}
    - target: {fileID: 5659843770390739535, guid: b34ae8b7553dcae4981e41e1a7993ec2, type: 3}
      propertyPath: m_LocalEulerAnglesHint.y
      value: 0
      objectReference: {fileID: 0}
    - target: {fileID: 5659843770390739535, guid: b34ae8b7553dcae4981e41e1a7993ec2, type: 3}
      propertyPath: m_LocalEulerAnglesHint.z
      value: 0
      objectReference: {fileID: 0}
    - target: {fileID: 5659843770390739538, guid: b34ae8b7553dcae4981e41e1a7993ec2, type: 3}
      propertyPath: m_Name
      value: Obstacle (2)
      objectReference: {fileID: 0}
    - target: {fileID: 5659843770390739539, guid: b34ae8b7553dcae4981e41e1a7993ec2, type: 3}
      propertyPath: m_Mass
      value: 2
      objectReference: {fileID: 0}
    - target: {fileID: 5659843770390739539, guid: b34ae8b7553dcae4981e41e1a7993ec2, type: 3}
      propertyPath: m_Constraints
      value: 126
      objectReference: {fileID: 0}
    - target: {fileID: 5659843770390739539, guid: b34ae8b7553dcae4981e41e1a7993ec2, type: 3}
      propertyPath: m_CollisionDetection
      value: 1
      objectReference: {fileID: 0}
    m_RemovedComponents: []
  m_SourcePrefab: {fileID: 100100000, guid: b34ae8b7553dcae4981e41e1a7993ec2, type: 3}
--- !u!1 &722543761
GameObject:
  m_ObjectHideFlags: 0
  m_CorrespondingSourceObject: {fileID: 0}
  m_PrefabInstance: {fileID: 0}
  m_PrefabAsset: {fileID: 0}
  serializedVersion: 6
  m_Component:
  - component: {fileID: 722543765}
  - component: {fileID: 722543764}
  - component: {fileID: 722543763}
  - component: {fileID: 722543762}
  m_Layer: 0
  m_Name: Ground
  m_TagString: Untagged
  m_Icon: {fileID: 0}
  m_NavMeshLayer: 0
  m_StaticEditorFlags: 0
  m_IsActive: 1
--- !u!65 &722543762
BoxCollider:
  m_ObjectHideFlags: 0
  m_CorrespondingSourceObject: {fileID: 0}
  m_PrefabInstance: {fileID: 0}
  m_PrefabAsset: {fileID: 0}
  m_GameObject: {fileID: 722543761}
  m_Material: {fileID: 13400000, guid: dc1c4b63040ed244bb07d78084ae905e, type: 2}
  m_IsTrigger: 0
  m_Enabled: 1
  serializedVersion: 2
  m_Size: {x: 1, y: 1, z: 1}
  m_Center: {x: 0, y: 0, z: 0}
--- !u!23 &722543763
MeshRenderer:
  m_ObjectHideFlags: 0
  m_CorrespondingSourceObject: {fileID: 0}
  m_PrefabInstance: {fileID: 0}
  m_PrefabAsset: {fileID: 0}
  m_GameObject: {fileID: 722543761}
  m_Enabled: 1
  m_CastShadows: 1
  m_ReceiveShadows: 1
  m_DynamicOccludee: 1
  m_MotionVectors: 1
  m_LightProbeUsage: 1
  m_ReflectionProbeUsage: 1
  m_RayTracingMode: 2
  m_RayTraceProcedural: 0
  m_RenderingLayerMask: 1
  m_RendererPriority: 0
  m_Materials:
  - {fileID: 10303, guid: 0000000000000000f000000000000000, type: 0}
  m_StaticBatchInfo:
    firstSubMesh: 0
    subMeshCount: 0
  m_StaticBatchRoot: {fileID: 0}
  m_ProbeAnchor: {fileID: 0}
  m_LightProbeVolumeOverride: {fileID: 0}
  m_ScaleInLightmap: 1
  m_ReceiveGI: 1
  m_PreserveUVs: 0
  m_IgnoreNormalsForChartDetection: 0
  m_ImportantGI: 0
  m_StitchLightmapSeams: 1
  m_SelectedEditorRenderState: 3
  m_MinimumChartSize: 4
  m_AutoUVMaxDistance: 0.5
  m_AutoUVMaxAngle: 89
  m_LightmapParameters: {fileID: 0}
  m_SortingLayerID: 0
  m_SortingLayer: 0
  m_SortingOrder: 0
  m_AdditionalVertexStreams: {fileID: 0}
--- !u!33 &722543764
MeshFilter:
  m_ObjectHideFlags: 0
  m_CorrespondingSourceObject: {fileID: 0}
  m_PrefabInstance: {fileID: 0}
  m_PrefabAsset: {fileID: 0}
  m_GameObject: {fileID: 722543761}
  m_Mesh: {fileID: 10202, guid: 0000000000000000e000000000000000, type: 0}
--- !u!4 &722543765
Transform:
  m_ObjectHideFlags: 0
  m_CorrespondingSourceObject: {fileID: 0}
  m_PrefabInstance: {fileID: 0}
  m_PrefabAsset: {fileID: 0}
  m_GameObject: {fileID: 722543761}
  m_LocalRotation: {x: 0, y: 0, z: 0, w: 1}
  m_LocalPosition: {x: 0, y: 0, z: 90.5}
  m_LocalScale: {x: 15, y: 1, z: 200}
  m_Children: []
  m_Father: {fileID: 0}
  m_RootOrder: 5
  m_LocalEulerAnglesHint: {x: 0, y: 0, z: 0}
--- !u!4 &733005587 stripped
Transform:
  m_CorrespondingSourceObject: {fileID: 5659843770390739535, guid: b34ae8b7553dcae4981e41e1a7993ec2, type: 3}
  m_PrefabInstance: {fileID: 5659843770786004316}
  m_PrefabAsset: {fileID: 0}
--- !u!1001 &772220613
PrefabInstance:
  m_ObjectHideFlags: 0
  serializedVersion: 2
  m_Modification:
    m_TransformParent: {fileID: 2031230207}
    m_Modifications:
    - target: {fileID: 5659843770390739535, guid: b34ae8b7553dcae4981e41e1a7993ec2, type: 3}
      propertyPath: m_RootOrder
      value: 0
      objectReference: {fileID: 0}
    - target: {fileID: 5659843770390739535, guid: b34ae8b7553dcae4981e41e1a7993ec2, type: 3}
      propertyPath: m_LocalScale.x
      value: 2.5
      objectReference: {fileID: 0}
    - target: {fileID: 5659843770390739535, guid: b34ae8b7553dcae4981e41e1a7993ec2, type: 3}
      propertyPath: m_LocalPosition.x
      value: 2.5
      objectReference: {fileID: 0}
    - target: {fileID: 5659843770390739535, guid: b34ae8b7553dcae4981e41e1a7993ec2, type: 3}
      propertyPath: m_LocalPosition.y
      value: 0
      objectReference: {fileID: 0}
    - target: {fileID: 5659843770390739535, guid: b34ae8b7553dcae4981e41e1a7993ec2, type: 3}
      propertyPath: m_LocalPosition.z
      value: 12
      objectReference: {fileID: 0}
    - target: {fileID: 5659843770390739535, guid: b34ae8b7553dcae4981e41e1a7993ec2, type: 3}
      propertyPath: m_LocalRotation.w
      value: 1
      objectReference: {fileID: 0}
    - target: {fileID: 5659843770390739535, guid: b34ae8b7553dcae4981e41e1a7993ec2, type: 3}
      propertyPath: m_LocalRotation.x
      value: -0
      objectReference: {fileID: 0}
    - target: {fileID: 5659843770390739535, guid: b34ae8b7553dcae4981e41e1a7993ec2, type: 3}
      propertyPath: m_LocalRotation.y
      value: -0
      objectReference: {fileID: 0}
    - target: {fileID: 5659843770390739535, guid: b34ae8b7553dcae4981e41e1a7993ec2, type: 3}
      propertyPath: m_LocalRotation.z
      value: -0
      objectReference: {fileID: 0}
    - target: {fileID: 5659843770390739535, guid: b34ae8b7553dcae4981e41e1a7993ec2, type: 3}
      propertyPath: m_LocalEulerAnglesHint.x
      value: 0
      objectReference: {fileID: 0}
    - target: {fileID: 5659843770390739535, guid: b34ae8b7553dcae4981e41e1a7993ec2, type: 3}
      propertyPath: m_LocalEulerAnglesHint.y
      value: 0
      objectReference: {fileID: 0}
    - target: {fileID: 5659843770390739535, guid: b34ae8b7553dcae4981e41e1a7993ec2, type: 3}
      propertyPath: m_LocalEulerAnglesHint.z
      value: 0
      objectReference: {fileID: 0}
    - target: {fileID: 5659843770390739538, guid: b34ae8b7553dcae4981e41e1a7993ec2, type: 3}
      propertyPath: m_Name
      value: Obstacle (3)
      objectReference: {fileID: 0}
    - target: {fileID: 5659843770390739539, guid: b34ae8b7553dcae4981e41e1a7993ec2, type: 3}
      propertyPath: m_Mass
      value: 2
      objectReference: {fileID: 0}
    - target: {fileID: 5659843770390739539, guid: b34ae8b7553dcae4981e41e1a7993ec2, type: 3}
      propertyPath: m_Constraints
      value: 126
      objectReference: {fileID: 0}
    - target: {fileID: 5659843770390739539, guid: b34ae8b7553dcae4981e41e1a7993ec2, type: 3}
      propertyPath: m_CollisionDetection
      value: 1
      objectReference: {fileID: 0}
    m_RemovedComponents: []
  m_SourcePrefab: {fileID: 100100000, guid: b34ae8b7553dcae4981e41e1a7993ec2, type: 3}
--- !u!1001 &790153036
PrefabInstance:
  m_ObjectHideFlags: 0
  serializedVersion: 2
  m_Modification:
    m_TransformParent: {fileID: 733005587}
    m_Modifications:
    - target: {fileID: 5659843770390739535, guid: b34ae8b7553dcae4981e41e1a7993ec2, type: 3}
      propertyPath: m_RootOrder
      value: 3
      objectReference: {fileID: 0}
    - target: {fileID: 5659843770390739535, guid: b34ae8b7553dcae4981e41e1a7993ec2, type: 3}
      propertyPath: m_LocalScale.x
      value: 1
      objectReference: {fileID: 0}
    - target: {fileID: 5659843770390739535, guid: b34ae8b7553dcae4981e41e1a7993ec2, type: 3}
      propertyPath: m_LocalPosition.x
      value: 2.5
      objectReference: {fileID: 0}
    - target: {fileID: 5659843770390739535, guid: b34ae8b7553dcae4981e41e1a7993ec2, type: 3}
      propertyPath: m_LocalPosition.y
      value: 0
      objectReference: {fileID: 0}
    - target: {fileID: 5659843770390739535, guid: b34ae8b7553dcae4981e41e1a7993ec2, type: 3}
      propertyPath: m_LocalPosition.z
      value: 0
      objectReference: {fileID: 0}
    - target: {fileID: 5659843770390739535, guid: b34ae8b7553dcae4981e41e1a7993ec2, type: 3}
      propertyPath: m_LocalRotation.w
      value: 1
      objectReference: {fileID: 0}
    - target: {fileID: 5659843770390739535, guid: b34ae8b7553dcae4981e41e1a7993ec2, type: 3}
      propertyPath: m_LocalRotation.x
      value: -0
      objectReference: {fileID: 0}
    - target: {fileID: 5659843770390739535, guid: b34ae8b7553dcae4981e41e1a7993ec2, type: 3}
      propertyPath: m_LocalRotation.y
      value: -0
      objectReference: {fileID: 0}
    - target: {fileID: 5659843770390739535, guid: b34ae8b7553dcae4981e41e1a7993ec2, type: 3}
      propertyPath: m_LocalRotation.z
      value: -0
      objectReference: {fileID: 0}
    - target: {fileID: 5659843770390739535, guid: b34ae8b7553dcae4981e41e1a7993ec2, type: 3}
      propertyPath: m_LocalEulerAnglesHint.x
      value: 0
      objectReference: {fileID: 0}
    - target: {fileID: 5659843770390739535, guid: b34ae8b7553dcae4981e41e1a7993ec2, type: 3}
      propertyPath: m_LocalEulerAnglesHint.y
      value: 0
      objectReference: {fileID: 0}
    - target: {fileID: 5659843770390739535, guid: b34ae8b7553dcae4981e41e1a7993ec2, type: 3}
      propertyPath: m_LocalEulerAnglesHint.z
      value: 0
      objectReference: {fileID: 0}
    - target: {fileID: 5659843770390739538, guid: b34ae8b7553dcae4981e41e1a7993ec2, type: 3}
      propertyPath: m_Name
      value: Obstacle (1)
      objectReference: {fileID: 0}
    - target: {fileID: 5659843770390739539, guid: b34ae8b7553dcae4981e41e1a7993ec2, type: 3}
      propertyPath: m_Mass
      value: 2
      objectReference: {fileID: 0}
    - target: {fileID: 5659843770390739539, guid: b34ae8b7553dcae4981e41e1a7993ec2, type: 3}
      propertyPath: m_Constraints
      value: 126
      objectReference: {fileID: 0}
    - target: {fileID: 5659843770390739539, guid: b34ae8b7553dcae4981e41e1a7993ec2, type: 3}
      propertyPath: m_CollisionDetection
      value: 1
      objectReference: {fileID: 0}
    m_RemovedComponents: []
  m_SourcePrefab: {fileID: 100100000, guid: b34ae8b7553dcae4981e41e1a7993ec2, type: 3}
--- !u!1001 &845917124
PrefabInstance:
  m_ObjectHideFlags: 0
  serializedVersion: 2
  m_Modification:
    m_TransformParent: {fileID: 1104274740}
    m_Modifications:
    - target: {fileID: 5659843770390739535, guid: b34ae8b7553dcae4981e41e1a7993ec2, type: 3}
      propertyPath: m_RootOrder
      value: 3
      objectReference: {fileID: 0}
    - target: {fileID: 5659843770390739535, guid: b34ae8b7553dcae4981e41e1a7993ec2, type: 3}
      propertyPath: m_LocalScale.x
      value: 1
      objectReference: {fileID: 0}
    - target: {fileID: 5659843770390739535, guid: b34ae8b7553dcae4981e41e1a7993ec2, type: 3}
      propertyPath: m_LocalPosition.x
      value: 3.25
      objectReference: {fileID: 0}
    - target: {fileID: 5659843770390739535, guid: b34ae8b7553dcae4981e41e1a7993ec2, type: 3}
      propertyPath: m_LocalPosition.y
      value: 0
      objectReference: {fileID: 0}
    - target: {fileID: 5659843770390739535, guid: b34ae8b7553dcae4981e41e1a7993ec2, type: 3}
      propertyPath: m_LocalPosition.z
      value: 40
      objectReference: {fileID: 0}
    - target: {fileID: 5659843770390739535, guid: b34ae8b7553dcae4981e41e1a7993ec2, type: 3}
      propertyPath: m_LocalRotation.w
      value: 1
      objectReference: {fileID: 0}
    - target: {fileID: 5659843770390739535, guid: b34ae8b7553dcae4981e41e1a7993ec2, type: 3}
      propertyPath: m_LocalRotation.x
      value: -0
      objectReference: {fileID: 0}
    - target: {fileID: 5659843770390739535, guid: b34ae8b7553dcae4981e41e1a7993ec2, type: 3}
      propertyPath: m_LocalRotation.y
      value: -0
      objectReference: {fileID: 0}
    - target: {fileID: 5659843770390739535, guid: b34ae8b7553dcae4981e41e1a7993ec2, type: 3}
      propertyPath: m_LocalRotation.z
      value: -0
      objectReference: {fileID: 0}
    - target: {fileID: 5659843770390739535, guid: b34ae8b7553dcae4981e41e1a7993ec2, type: 3}
      propertyPath: m_LocalEulerAnglesHint.x
      value: 0
      objectReference: {fileID: 0}
    - target: {fileID: 5659843770390739535, guid: b34ae8b7553dcae4981e41e1a7993ec2, type: 3}
      propertyPath: m_LocalEulerAnglesHint.y
      value: 0
      objectReference: {fileID: 0}
    - target: {fileID: 5659843770390739535, guid: b34ae8b7553dcae4981e41e1a7993ec2, type: 3}
      propertyPath: m_LocalEulerAnglesHint.z
      value: 0
      objectReference: {fileID: 0}
    - target: {fileID: 5659843770390739538, guid: b34ae8b7553dcae4981e41e1a7993ec2, type: 3}
      propertyPath: m_Name
      value: Obstacle (1)
      objectReference: {fileID: 0}
    - target: {fileID: 5659843770390739539, guid: b34ae8b7553dcae4981e41e1a7993ec2, type: 3}
      propertyPath: m_Mass
      value: 2
      objectReference: {fileID: 0}
    - target: {fileID: 5659843770390739539, guid: b34ae8b7553dcae4981e41e1a7993ec2, type: 3}
      propertyPath: m_Constraints
      value: 126
      objectReference: {fileID: 0}
    - target: {fileID: 5659843770390739539, guid: b34ae8b7553dcae4981e41e1a7993ec2, type: 3}
      propertyPath: m_CollisionDetection
      value: 1
      objectReference: {fileID: 0}
    m_RemovedComponents: []
  m_SourcePrefab: {fileID: 100100000, guid: b34ae8b7553dcae4981e41e1a7993ec2, type: 3}
--- !u!1001 &882313593
PrefabInstance:
  m_ObjectHideFlags: 0
  serializedVersion: 2
  m_Modification:
    m_TransformParent: {fileID: 2031230207}
    m_Modifications:
    - target: {fileID: 5659843770390739535, guid: b34ae8b7553dcae4981e41e1a7993ec2, type: 3}
      propertyPath: m_RootOrder
      value: 2
      objectReference: {fileID: 0}
    - target: {fileID: 5659843770390739535, guid: b34ae8b7553dcae4981e41e1a7993ec2, type: 3}
      propertyPath: m_LocalScale.x
      value: 1
      objectReference: {fileID: 0}
    - target: {fileID: 5659843770390739535, guid: b34ae8b7553dcae4981e41e1a7993ec2, type: 3}
      propertyPath: m_LocalPosition.x
      value: -2.5
      objectReference: {fileID: 0}
    - target: {fileID: 5659843770390739535, guid: b34ae8b7553dcae4981e41e1a7993ec2, type: 3}
      propertyPath: m_LocalPosition.y
      value: 0
      objectReference: {fileID: 0}
    - target: {fileID: 5659843770390739535, guid: b34ae8b7553dcae4981e41e1a7993ec2, type: 3}
      propertyPath: m_LocalPosition.z
      value: 0
      objectReference: {fileID: 0}
    - target: {fileID: 5659843770390739535, guid: b34ae8b7553dcae4981e41e1a7993ec2, type: 3}
      propertyPath: m_LocalRotation.w
      value: 1
      objectReference: {fileID: 0}
    - target: {fileID: 5659843770390739535, guid: b34ae8b7553dcae4981e41e1a7993ec2, type: 3}
      propertyPath: m_LocalRotation.x
      value: -0
      objectReference: {fileID: 0}
    - target: {fileID: 5659843770390739535, guid: b34ae8b7553dcae4981e41e1a7993ec2, type: 3}
      propertyPath: m_LocalRotation.y
      value: -0
      objectReference: {fileID: 0}
    - target: {fileID: 5659843770390739535, guid: b34ae8b7553dcae4981e41e1a7993ec2, type: 3}
      propertyPath: m_LocalRotation.z
      value: -0
      objectReference: {fileID: 0}
    - target: {fileID: 5659843770390739535, guid: b34ae8b7553dcae4981e41e1a7993ec2, type: 3}
      propertyPath: m_LocalEulerAnglesHint.x
      value: 0
      objectReference: {fileID: 0}
    - target: {fileID: 5659843770390739535, guid: b34ae8b7553dcae4981e41e1a7993ec2, type: 3}
      propertyPath: m_LocalEulerAnglesHint.y
      value: 0
      objectReference: {fileID: 0}
    - target: {fileID: 5659843770390739535, guid: b34ae8b7553dcae4981e41e1a7993ec2, type: 3}
      propertyPath: m_LocalEulerAnglesHint.z
      value: 0
      objectReference: {fileID: 0}
    - target: {fileID: 5659843770390739538, guid: b34ae8b7553dcae4981e41e1a7993ec2, type: 3}
      propertyPath: m_Name
      value: Obstacle (2)
      objectReference: {fileID: 0}
    - target: {fileID: 5659843770390739539, guid: b34ae8b7553dcae4981e41e1a7993ec2, type: 3}
      propertyPath: m_Mass
      value: 2
      objectReference: {fileID: 0}
    - target: {fileID: 5659843770390739539, guid: b34ae8b7553dcae4981e41e1a7993ec2, type: 3}
      propertyPath: m_Constraints
      value: 126
      objectReference: {fileID: 0}
    - target: {fileID: 5659843770390739539, guid: b34ae8b7553dcae4981e41e1a7993ec2, type: 3}
      propertyPath: m_CollisionDetection
      value: 1
      objectReference: {fileID: 0}
    m_RemovedComponents: []
  m_SourcePrefab: {fileID: 100100000, guid: b34ae8b7553dcae4981e41e1a7993ec2, type: 3}
--- !u!1001 &1017687166
PrefabInstance:
  m_ObjectHideFlags: 0
  serializedVersion: 2
  m_Modification:
    m_TransformParent: {fileID: 733005587}
    m_Modifications:
    - target: {fileID: 5659843770390739535, guid: b34ae8b7553dcae4981e41e1a7993ec2, type: 3}
      propertyPath: m_RootOrder
      value: 2
      objectReference: {fileID: 0}
    - target: {fileID: 5659843770390739535, guid: b34ae8b7553dcae4981e41e1a7993ec2, type: 3}
      propertyPath: m_LocalScale.x
      value: 1
      objectReference: {fileID: 0}
    - target: {fileID: 5659843770390739535, guid: b34ae8b7553dcae4981e41e1a7993ec2, type: 3}
      propertyPath: m_LocalPosition.x
      value: -2.5
      objectReference: {fileID: 0}
    - target: {fileID: 5659843770390739535, guid: b34ae8b7553dcae4981e41e1a7993ec2, type: 3}
      propertyPath: m_LocalPosition.y
      value: 0
      objectReference: {fileID: 0}
    - target: {fileID: 5659843770390739535, guid: b34ae8b7553dcae4981e41e1a7993ec2, type: 3}
      propertyPath: m_LocalPosition.z
      value: 0
      objectReference: {fileID: 0}
    - target: {fileID: 5659843770390739535, guid: b34ae8b7553dcae4981e41e1a7993ec2, type: 3}
      propertyPath: m_LocalRotation.w
      value: 1
      objectReference: {fileID: 0}
    - target: {fileID: 5659843770390739535, guid: b34ae8b7553dcae4981e41e1a7993ec2, type: 3}
      propertyPath: m_LocalRotation.x
      value: -0
      objectReference: {fileID: 0}
    - target: {fileID: 5659843770390739535, guid: b34ae8b7553dcae4981e41e1a7993ec2, type: 3}
      propertyPath: m_LocalRotation.y
      value: -0
      objectReference: {fileID: 0}
    - target: {fileID: 5659843770390739535, guid: b34ae8b7553dcae4981e41e1a7993ec2, type: 3}
      propertyPath: m_LocalRotation.z
      value: -0
      objectReference: {fileID: 0}
    - target: {fileID: 5659843770390739535, guid: b34ae8b7553dcae4981e41e1a7993ec2, type: 3}
      propertyPath: m_LocalEulerAnglesHint.x
      value: 0
      objectReference: {fileID: 0}
    - target: {fileID: 5659843770390739535, guid: b34ae8b7553dcae4981e41e1a7993ec2, type: 3}
      propertyPath: m_LocalEulerAnglesHint.y
      value: 0
      objectReference: {fileID: 0}
    - target: {fileID: 5659843770390739535, guid: b34ae8b7553dcae4981e41e1a7993ec2, type: 3}
      propertyPath: m_LocalEulerAnglesHint.z
      value: 0
      objectReference: {fileID: 0}
    - target: {fileID: 5659843770390739538, guid: b34ae8b7553dcae4981e41e1a7993ec2, type: 3}
      propertyPath: m_Name
      value: Obstacle (2)
      objectReference: {fileID: 0}
    - target: {fileID: 5659843770390739539, guid: b34ae8b7553dcae4981e41e1a7993ec2, type: 3}
      propertyPath: m_Mass
      value: 2
      objectReference: {fileID: 0}
    - target: {fileID: 5659843770390739539, guid: b34ae8b7553dcae4981e41e1a7993ec2, type: 3}
      propertyPath: m_Constraints
      value: 126
      objectReference: {fileID: 0}
    - target: {fileID: 5659843770390739539, guid: b34ae8b7553dcae4981e41e1a7993ec2, type: 3}
      propertyPath: m_CollisionDetection
      value: 1
      objectReference: {fileID: 0}
    m_RemovedComponents: []
  m_SourcePrefab: {fileID: 100100000, guid: b34ae8b7553dcae4981e41e1a7993ec2, type: 3}
--- !u!1001 &1080719014
PrefabInstance:
  m_ObjectHideFlags: 0
  serializedVersion: 2
  m_Modification:
    m_TransformParent: {fileID: 733005587}
    m_Modifications:
    - target: {fileID: 5659843770390739535, guid: b34ae8b7553dcae4981e41e1a7993ec2, type: 3}
      propertyPath: m_RootOrder
      value: 4
      objectReference: {fileID: 0}
    - target: {fileID: 5659843770390739535, guid: b34ae8b7553dcae4981e41e1a7993ec2, type: 3}
      propertyPath: m_LocalScale.x
      value: 1
      objectReference: {fileID: 0}
    - target: {fileID: 5659843770390739535, guid: b34ae8b7553dcae4981e41e1a7993ec2, type: 3}
      propertyPath: m_LocalPosition.x
      value: 2
      objectReference: {fileID: 0}
    - target: {fileID: 5659843770390739535, guid: b34ae8b7553dcae4981e41e1a7993ec2, type: 3}
      propertyPath: m_LocalPosition.y
      value: 0
      objectReference: {fileID: 0}
    - target: {fileID: 5659843770390739535, guid: b34ae8b7553dcae4981e41e1a7993ec2, type: 3}
      propertyPath: m_LocalPosition.z
      value: 29.199997
      objectReference: {fileID: 0}
    - target: {fileID: 5659843770390739535, guid: b34ae8b7553dcae4981e41e1a7993ec2, type: 3}
      propertyPath: m_LocalRotation.w
      value: 1
      objectReference: {fileID: 0}
    - target: {fileID: 5659843770390739535, guid: b34ae8b7553dcae4981e41e1a7993ec2, type: 3}
      propertyPath: m_LocalRotation.x
      value: -0
      objectReference: {fileID: 0}
    - target: {fileID: 5659843770390739535, guid: b34ae8b7553dcae4981e41e1a7993ec2, type: 3}
      propertyPath: m_LocalRotation.y
      value: -0
      objectReference: {fileID: 0}
    - target: {fileID: 5659843770390739535, guid: b34ae8b7553dcae4981e41e1a7993ec2, type: 3}
      propertyPath: m_LocalRotation.z
      value: -0
      objectReference: {fileID: 0}
    - target: {fileID: 5659843770390739535, guid: b34ae8b7553dcae4981e41e1a7993ec2, type: 3}
      propertyPath: m_LocalEulerAnglesHint.x
      value: 0
      objectReference: {fileID: 0}
    - target: {fileID: 5659843770390739535, guid: b34ae8b7553dcae4981e41e1a7993ec2, type: 3}
      propertyPath: m_LocalEulerAnglesHint.y
      value: 0
      objectReference: {fileID: 0}
    - target: {fileID: 5659843770390739535, guid: b34ae8b7553dcae4981e41e1a7993ec2, type: 3}
      propertyPath: m_LocalEulerAnglesHint.z
      value: 0
      objectReference: {fileID: 0}
    - target: {fileID: 5659843770390739538, guid: b34ae8b7553dcae4981e41e1a7993ec2, type: 3}
      propertyPath: m_Name
      value: Obstacle (3)
      objectReference: {fileID: 0}
    - target: {fileID: 5659843770390739539, guid: b34ae8b7553dcae4981e41e1a7993ec2, type: 3}
      propertyPath: m_Mass
      value: 2
      objectReference: {fileID: 0}
    - target: {fileID: 5659843770390739539, guid: b34ae8b7553dcae4981e41e1a7993ec2, type: 3}
      propertyPath: m_Constraints
      value: 126
      objectReference: {fileID: 0}
    - target: {fileID: 5659843770390739539, guid: b34ae8b7553dcae4981e41e1a7993ec2, type: 3}
      propertyPath: m_CollisionDetection
      value: 1
      objectReference: {fileID: 0}
    m_RemovedComponents: []
  m_SourcePrefab: {fileID: 100100000, guid: b34ae8b7553dcae4981e41e1a7993ec2, type: 3}
--- !u!1001 &1102693139
PrefabInstance:
  m_ObjectHideFlags: 0
  serializedVersion: 2
  m_Modification:
    m_TransformParent: {fileID: 733005587}
    m_Modifications:
    - target: {fileID: 5659843770390739535, guid: b34ae8b7553dcae4981e41e1a7993ec2, type: 3}
      propertyPath: m_RootOrder
      value: 1
      objectReference: {fileID: 0}
    - target: {fileID: 5659843770390739535, guid: b34ae8b7553dcae4981e41e1a7993ec2, type: 3}
      propertyPath: m_LocalScale.x
      value: 2.5
      objectReference: {fileID: 0}
    - target: {fileID: 5659843770390739535, guid: b34ae8b7553dcae4981e41e1a7993ec2, type: 3}
      propertyPath: m_LocalPosition.x
      value: -2.5
      objectReference: {fileID: 0}
    - target: {fileID: 5659843770390739535, guid: b34ae8b7553dcae4981e41e1a7993ec2, type: 3}
      propertyPath: m_LocalPosition.y
      value: 0
      objectReference: {fileID: 0}
    - target: {fileID: 5659843770390739535, guid: b34ae8b7553dcae4981e41e1a7993ec2, type: 3}
      propertyPath: m_LocalPosition.z
      value: 12
      objectReference: {fileID: 0}
    - target: {fileID: 5659843770390739535, guid: b34ae8b7553dcae4981e41e1a7993ec2, type: 3}
      propertyPath: m_LocalRotation.w
      value: 1
      objectReference: {fileID: 0}
    - target: {fileID: 5659843770390739535, guid: b34ae8b7553dcae4981e41e1a7993ec2, type: 3}
      propertyPath: m_LocalRotation.x
      value: -0
      objectReference: {fileID: 0}
    - target: {fileID: 5659843770390739535, guid: b34ae8b7553dcae4981e41e1a7993ec2, type: 3}
      propertyPath: m_LocalRotation.y
      value: -0
      objectReference: {fileID: 0}
    - target: {fileID: 5659843770390739535, guid: b34ae8b7553dcae4981e41e1a7993ec2, type: 3}
      propertyPath: m_LocalRotation.z
      value: -0
      objectReference: {fileID: 0}
    - target: {fileID: 5659843770390739535, guid: b34ae8b7553dcae4981e41e1a7993ec2, type: 3}
      propertyPath: m_LocalEulerAnglesHint.x
      value: 0
      objectReference: {fileID: 0}
    - target: {fileID: 5659843770390739535, guid: b34ae8b7553dcae4981e41e1a7993ec2, type: 3}
      propertyPath: m_LocalEulerAnglesHint.y
      value: 0
      objectReference: {fileID: 0}
    - target: {fileID: 5659843770390739535, guid: b34ae8b7553dcae4981e41e1a7993ec2, type: 3}
      propertyPath: m_LocalEulerAnglesHint.z
      value: 0
      objectReference: {fileID: 0}
    - target: {fileID: 5659843770390739538, guid: b34ae8b7553dcae4981e41e1a7993ec2, type: 3}
      propertyPath: m_Name
      value: Obstacle (4)
      objectReference: {fileID: 0}
    - target: {fileID: 5659843770390739539, guid: b34ae8b7553dcae4981e41e1a7993ec2, type: 3}
      propertyPath: m_Mass
      value: 2
      objectReference: {fileID: 0}
    - target: {fileID: 5659843770390739539, guid: b34ae8b7553dcae4981e41e1a7993ec2, type: 3}
      propertyPath: m_Constraints
      value: 126
      objectReference: {fileID: 0}
    - target: {fileID: 5659843770390739539, guid: b34ae8b7553dcae4981e41e1a7993ec2, type: 3}
      propertyPath: m_CollisionDetection
      value: 1
      objectReference: {fileID: 0}
    m_RemovedComponents: []
  m_SourcePrefab: {fileID: 100100000, guid: b34ae8b7553dcae4981e41e1a7993ec2, type: 3}
--- !u!4 &1104274740 stripped
Transform:
  m_CorrespondingSourceObject: {fileID: 5659843770390739535, guid: b34ae8b7553dcae4981e41e1a7993ec2, type: 3}
  m_PrefabInstance: {fileID: 116887558}
  m_PrefabAsset: {fileID: 0}
--- !u!114 &1222593106 stripped
MonoBehaviour:
  m_CorrespondingSourceObject: {fileID: 934399369158112357, guid: 4b1df8be3840e89498ad6d84e7c25da7, type: 3}
  m_PrefabInstance: {fileID: 934399370111745591}
  m_PrefabAsset: {fileID: 0}
  m_GameObject: {fileID: 0}
  m_Enabled: 1
  m_EditorHideFlags: 0
  m_Script: {fileID: 11500000, guid: 05f27bb6e6c079643b08a049b2de5b58, type: 3}
  m_Name: 
  m_EditorClassIdentifier: 
--- !u!1001 &1371234941
PrefabInstance:
  m_ObjectHideFlags: 0
  serializedVersion: 2
  m_Modification:
    m_TransformParent: {fileID: 733005587}
    m_Modifications:
    - target: {fileID: 5659843770390739535, guid: b34ae8b7553dcae4981e41e1a7993ec2, type: 3}
      propertyPath: m_RootOrder
      value: 5
      objectReference: {fileID: 0}
    - target: {fileID: 5659843770390739535, guid: b34ae8b7553dcae4981e41e1a7993ec2, type: 3}
      propertyPath: m_LocalScale.x
      value: 1
      objectReference: {fileID: 0}
    - target: {fileID: 5659843770390739535, guid: b34ae8b7553dcae4981e41e1a7993ec2, type: 3}
      propertyPath: m_LocalPosition.x
      value: -2
      objectReference: {fileID: 0}
    - target: {fileID: 5659843770390739535, guid: b34ae8b7553dcae4981e41e1a7993ec2, type: 3}
      propertyPath: m_LocalPosition.y
      value: 0
      objectReference: {fileID: 0}
    - target: {fileID: 5659843770390739535, guid: b34ae8b7553dcae4981e41e1a7993ec2, type: 3}
      propertyPath: m_LocalPosition.z
      value: 29.199997
      objectReference: {fileID: 0}
    - target: {fileID: 5659843770390739535, guid: b34ae8b7553dcae4981e41e1a7993ec2, type: 3}
      propertyPath: m_LocalRotation.w
      value: 1
      objectReference: {fileID: 0}
    - target: {fileID: 5659843770390739535, guid: b34ae8b7553dcae4981e41e1a7993ec2, type: 3}
      propertyPath: m_LocalRotation.x
      value: -0
      objectReference: {fileID: 0}
    - target: {fileID: 5659843770390739535, guid: b34ae8b7553dcae4981e41e1a7993ec2, type: 3}
      propertyPath: m_LocalRotation.y
      value: -0
      objectReference: {fileID: 0}
    - target: {fileID: 5659843770390739535, guid: b34ae8b7553dcae4981e41e1a7993ec2, type: 3}
      propertyPath: m_LocalRotation.z
      value: -0
      objectReference: {fileID: 0}
    - target: {fileID: 5659843770390739535, guid: b34ae8b7553dcae4981e41e1a7993ec2, type: 3}
      propertyPath: m_LocalEulerAnglesHint.x
      value: 0
      objectReference: {fileID: 0}
    - target: {fileID: 5659843770390739535, guid: b34ae8b7553dcae4981e41e1a7993ec2, type: 3}
      propertyPath: m_LocalEulerAnglesHint.y
      value: 0
      objectReference: {fileID: 0}
    - target: {fileID: 5659843770390739535, guid: b34ae8b7553dcae4981e41e1a7993ec2, type: 3}
      propertyPath: m_LocalEulerAnglesHint.z
      value: 0
      objectReference: {fileID: 0}
    - target: {fileID: 5659843770390739538, guid: b34ae8b7553dcae4981e41e1a7993ec2, type: 3}
      propertyPath: m_Name
      value: Obstacle (1)
      objectReference: {fileID: 0}
    - target: {fileID: 5659843770390739539, guid: b34ae8b7553dcae4981e41e1a7993ec2, type: 3}
      propertyPath: m_Mass
      value: 2
      objectReference: {fileID: 0}
    - target: {fileID: 5659843770390739539, guid: b34ae8b7553dcae4981e41e1a7993ec2, type: 3}
      propertyPath: m_Constraints
      value: 126
      objectReference: {fileID: 0}
    - target: {fileID: 5659843770390739539, guid: b34ae8b7553dcae4981e41e1a7993ec2, type: 3}
      propertyPath: m_CollisionDetection
      value: 1
      objectReference: {fileID: 0}
    m_RemovedComponents: []
  m_SourcePrefab: {fileID: 100100000, guid: b34ae8b7553dcae4981e41e1a7993ec2, type: 3}
--- !u!1001 &1371847945
PrefabInstance:
  m_ObjectHideFlags: 0
  serializedVersion: 2
  m_Modification:
    m_TransformParent: {fileID: 733005587}
    m_Modifications:
    - target: {fileID: 5659843770390739535, guid: b34ae8b7553dcae4981e41e1a7993ec2, type: 3}
      propertyPath: m_RootOrder
      value: 7
      objectReference: {fileID: 0}
    - target: {fileID: 5659843770390739535, guid: b34ae8b7553dcae4981e41e1a7993ec2, type: 3}
      propertyPath: m_LocalScale.x
      value: 2.5
      objectReference: {fileID: 0}
    - target: {fileID: 5659843770390739535, guid: b34ae8b7553dcae4981e41e1a7993ec2, type: 3}
      propertyPath: m_LocalPosition.x
      value: -2.5
      objectReference: {fileID: 0}
    - target: {fileID: 5659843770390739535, guid: b34ae8b7553dcae4981e41e1a7993ec2, type: 3}
      propertyPath: m_LocalPosition.y
      value: 0
      objectReference: {fileID: 0}
    - target: {fileID: 5659843770390739535, guid: b34ae8b7553dcae4981e41e1a7993ec2, type: 3}
      propertyPath: m_LocalPosition.z
      value: 44.199997
      objectReference: {fileID: 0}
    - target: {fileID: 5659843770390739535, guid: b34ae8b7553dcae4981e41e1a7993ec2, type: 3}
      propertyPath: m_LocalRotation.w
      value: 1
      objectReference: {fileID: 0}
    - target: {fileID: 5659843770390739535, guid: b34ae8b7553dcae4981e41e1a7993ec2, type: 3}
      propertyPath: m_LocalRotation.x
      value: -0
      objectReference: {fileID: 0}
    - target: {fileID: 5659843770390739535, guid: b34ae8b7553dcae4981e41e1a7993ec2, type: 3}
      propertyPath: m_LocalRotation.y
      value: -0
      objectReference: {fileID: 0}
    - target: {fileID: 5659843770390739535, guid: b34ae8b7553dcae4981e41e1a7993ec2, type: 3}
      propertyPath: m_LocalRotation.z
      value: -0
      objectReference: {fileID: 0}
    - target: {fileID: 5659843770390739535, guid: b34ae8b7553dcae4981e41e1a7993ec2, type: 3}
      propertyPath: m_LocalEulerAnglesHint.x
      value: 0
      objectReference: {fileID: 0}
    - target: {fileID: 5659843770390739535, guid: b34ae8b7553dcae4981e41e1a7993ec2, type: 3}
      propertyPath: m_LocalEulerAnglesHint.y
      value: 0
      objectReference: {fileID: 0}
    - target: {fileID: 5659843770390739535, guid: b34ae8b7553dcae4981e41e1a7993ec2, type: 3}
      propertyPath: m_LocalEulerAnglesHint.z
      value: 0
      objectReference: {fileID: 0}
    - target: {fileID: 5659843770390739538, guid: b34ae8b7553dcae4981e41e1a7993ec2, type: 3}
      propertyPath: m_Name
      value: Obstacle (1)
      objectReference: {fileID: 0}
    - target: {fileID: 5659843770390739539, guid: b34ae8b7553dcae4981e41e1a7993ec2, type: 3}
      propertyPath: m_Mass
      value: 2
      objectReference: {fileID: 0}
    - target: {fileID: 5659843770390739539, guid: b34ae8b7553dcae4981e41e1a7993ec2, type: 3}
      propertyPath: m_Constraints
      value: 126
      objectReference: {fileID: 0}
    - target: {fileID: 5659843770390739539, guid: b34ae8b7553dcae4981e41e1a7993ec2, type: 3}
      propertyPath: m_CollisionDetection
      value: 1
      objectReference: {fileID: 0}
    m_RemovedComponents: []
  m_SourcePrefab: {fileID: 100100000, guid: b34ae8b7553dcae4981e41e1a7993ec2, type: 3}
--- !u!1001 &1664868315
PrefabInstance:
  m_ObjectHideFlags: 0
  serializedVersion: 2
  m_Modification:
    m_TransformParent: {fileID: 733005587}
    m_Modifications:
    - target: {fileID: 5659843770390739535, guid: b34ae8b7553dcae4981e41e1a7993ec2, type: 3}
      propertyPath: m_RootOrder
      value: 6
      objectReference: {fileID: 0}
    - target: {fileID: 5659843770390739535, guid: b34ae8b7553dcae4981e41e1a7993ec2, type: 3}
      propertyPath: m_LocalScale.x
      value: 2.5
      objectReference: {fileID: 0}
    - target: {fileID: 5659843770390739535, guid: b34ae8b7553dcae4981e41e1a7993ec2, type: 3}
      propertyPath: m_LocalPosition.x
      value: 2.5
      objectReference: {fileID: 0}
    - target: {fileID: 5659843770390739535, guid: b34ae8b7553dcae4981e41e1a7993ec2, type: 3}
      propertyPath: m_LocalPosition.y
      value: 0
      objectReference: {fileID: 0}
    - target: {fileID: 5659843770390739535, guid: b34ae8b7553dcae4981e41e1a7993ec2, type: 3}
      propertyPath: m_LocalPosition.z
      value: 44.2
      objectReference: {fileID: 0}
    - target: {fileID: 5659843770390739535, guid: b34ae8b7553dcae4981e41e1a7993ec2, type: 3}
      propertyPath: m_LocalRotation.w
      value: 1
      objectReference: {fileID: 0}
    - target: {fileID: 5659843770390739535, guid: b34ae8b7553dcae4981e41e1a7993ec2, type: 3}
      propertyPath: m_LocalRotation.x
      value: -0
      objectReference: {fileID: 0}
    - target: {fileID: 5659843770390739535, guid: b34ae8b7553dcae4981e41e1a7993ec2, type: 3}
      propertyPath: m_LocalRotation.y
      value: -0
      objectReference: {fileID: 0}
    - target: {fileID: 5659843770390739535, guid: b34ae8b7553dcae4981e41e1a7993ec2, type: 3}
      propertyPath: m_LocalRotation.z
      value: -0
      objectReference: {fileID: 0}
    - target: {fileID: 5659843770390739535, guid: b34ae8b7553dcae4981e41e1a7993ec2, type: 3}
      propertyPath: m_LocalEulerAnglesHint.x
      value: 0
      objectReference: {fileID: 0}
    - target: {fileID: 5659843770390739535, guid: b34ae8b7553dcae4981e41e1a7993ec2, type: 3}
      propertyPath: m_LocalEulerAnglesHint.y
      value: 0
      objectReference: {fileID: 0}
    - target: {fileID: 5659843770390739535, guid: b34ae8b7553dcae4981e41e1a7993ec2, type: 3}
      propertyPath: m_LocalEulerAnglesHint.z
      value: 0
      objectReference: {fileID: 0}
    - target: {fileID: 5659843770390739538, guid: b34ae8b7553dcae4981e41e1a7993ec2, type: 3}
      propertyPath: m_Name
      value: Obstacle (1)
      objectReference: {fileID: 0}
    - target: {fileID: 5659843770390739539, guid: b34ae8b7553dcae4981e41e1a7993ec2, type: 3}
      propertyPath: m_Mass
      value: 2
      objectReference: {fileID: 0}
    - target: {fileID: 5659843770390739539, guid: b34ae8b7553dcae4981e41e1a7993ec2, type: 3}
      propertyPath: m_Constraints
      value: 126
      objectReference: {fileID: 0}
    - target: {fileID: 5659843770390739539, guid: b34ae8b7553dcae4981e41e1a7993ec2, type: 3}
      propertyPath: m_CollisionDetection
      value: 1
      objectReference: {fileID: 0}
    m_RemovedComponents: []
  m_SourcePrefab: {fileID: 100100000, guid: b34ae8b7553dcae4981e41e1a7993ec2, type: 3}
--- !u!1001 &1679558038
PrefabInstance:
  m_ObjectHideFlags: 0
  serializedVersion: 2
  m_Modification:
    m_TransformParent: {fileID: 2031230207}
    m_Modifications:
    - target: {fileID: 5659843770390739535, guid: b34ae8b7553dcae4981e41e1a7993ec2, type: 3}
      propertyPath: m_RootOrder
      value: 3
      objectReference: {fileID: 0}
    - target: {fileID: 5659843770390739535, guid: b34ae8b7553dcae4981e41e1a7993ec2, type: 3}
      propertyPath: m_LocalScale.x
      value: 1
      objectReference: {fileID: 0}
    - target: {fileID: 5659843770390739535, guid: b34ae8b7553dcae4981e41e1a7993ec2, type: 3}
      propertyPath: m_LocalPosition.x
      value: 2.5
      objectReference: {fileID: 0}
    - target: {fileID: 5659843770390739535, guid: b34ae8b7553dcae4981e41e1a7993ec2, type: 3}
      propertyPath: m_LocalPosition.y
      value: 0
      objectReference: {fileID: 0}
    - target: {fileID: 5659843770390739535, guid: b34ae8b7553dcae4981e41e1a7993ec2, type: 3}
      propertyPath: m_LocalPosition.z
      value: 0
      objectReference: {fileID: 0}
    - target: {fileID: 5659843770390739535, guid: b34ae8b7553dcae4981e41e1a7993ec2, type: 3}
      propertyPath: m_LocalRotation.w
      value: 1
      objectReference: {fileID: 0}
    - target: {fileID: 5659843770390739535, guid: b34ae8b7553dcae4981e41e1a7993ec2, type: 3}
      propertyPath: m_LocalRotation.x
      value: -0
      objectReference: {fileID: 0}
    - target: {fileID: 5659843770390739535, guid: b34ae8b7553dcae4981e41e1a7993ec2, type: 3}
      propertyPath: m_LocalRotation.y
      value: -0
      objectReference: {fileID: 0}
    - target: {fileID: 5659843770390739535, guid: b34ae8b7553dcae4981e41e1a7993ec2, type: 3}
      propertyPath: m_LocalRotation.z
      value: -0
      objectReference: {fileID: 0}
    - target: {fileID: 5659843770390739535, guid: b34ae8b7553dcae4981e41e1a7993ec2, type: 3}
      propertyPath: m_LocalEulerAnglesHint.x
      value: 0
      objectReference: {fileID: 0}
    - target: {fileID: 5659843770390739535, guid: b34ae8b7553dcae4981e41e1a7993ec2, type: 3}
      propertyPath: m_LocalEulerAnglesHint.y
      value: 0
      objectReference: {fileID: 0}
    - target: {fileID: 5659843770390739535, guid: b34ae8b7553dcae4981e41e1a7993ec2, type: 3}
      propertyPath: m_LocalEulerAnglesHint.z
      value: 0
      objectReference: {fileID: 0}
    - target: {fileID: 5659843770390739538, guid: b34ae8b7553dcae4981e41e1a7993ec2, type: 3}
      propertyPath: m_Name
      value: Obstacle (1)
      objectReference: {fileID: 0}
    - target: {fileID: 5659843770390739539, guid: b34ae8b7553dcae4981e41e1a7993ec2, type: 3}
      propertyPath: m_Mass
      value: 2
      objectReference: {fileID: 0}
    - target: {fileID: 5659843770390739539, guid: b34ae8b7553dcae4981e41e1a7993ec2, type: 3}
      propertyPath: m_Constraints
      value: 126
      objectReference: {fileID: 0}
    - target: {fileID: 5659843770390739539, guid: b34ae8b7553dcae4981e41e1a7993ec2, type: 3}
      propertyPath: m_CollisionDetection
      value: 1
      objectReference: {fileID: 0}
    m_RemovedComponents: []
  m_SourcePrefab: {fileID: 100100000, guid: b34ae8b7553dcae4981e41e1a7993ec2, type: 3}
--- !u!1001 &1730502583
PrefabInstance:
  m_ObjectHideFlags: 0
  serializedVersion: 2
  m_Modification:
    m_TransformParent: {fileID: 733005587}
    m_Modifications:
    - target: {fileID: 5659843770390739535, guid: b34ae8b7553dcae4981e41e1a7993ec2, type: 3}
      propertyPath: m_RootOrder
      value: 0
      objectReference: {fileID: 0}
    - target: {fileID: 5659843770390739535, guid: b34ae8b7553dcae4981e41e1a7993ec2, type: 3}
      propertyPath: m_LocalScale.x
      value: 2.5
      objectReference: {fileID: 0}
    - target: {fileID: 5659843770390739535, guid: b34ae8b7553dcae4981e41e1a7993ec2, type: 3}
      propertyPath: m_LocalPosition.x
      value: 2.5
      objectReference: {fileID: 0}
    - target: {fileID: 5659843770390739535, guid: b34ae8b7553dcae4981e41e1a7993ec2, type: 3}
      propertyPath: m_LocalPosition.y
      value: 0
      objectReference: {fileID: 0}
    - target: {fileID: 5659843770390739535, guid: b34ae8b7553dcae4981e41e1a7993ec2, type: 3}
      propertyPath: m_LocalPosition.z
      value: 12
      objectReference: {fileID: 0}
    - target: {fileID: 5659843770390739535, guid: b34ae8b7553dcae4981e41e1a7993ec2, type: 3}
      propertyPath: m_LocalRotation.w
      value: 1
      objectReference: {fileID: 0}
    - target: {fileID: 5659843770390739535, guid: b34ae8b7553dcae4981e41e1a7993ec2, type: 3}
      propertyPath: m_LocalRotation.x
      value: -0
      objectReference: {fileID: 0}
    - target: {fileID: 5659843770390739535, guid: b34ae8b7553dcae4981e41e1a7993ec2, type: 3}
      propertyPath: m_LocalRotation.y
      value: -0
      objectReference: {fileID: 0}
    - target: {fileID: 5659843770390739535, guid: b34ae8b7553dcae4981e41e1a7993ec2, type: 3}
      propertyPath: m_LocalRotation.z
      value: -0
      objectReference: {fileID: 0}
    - target: {fileID: 5659843770390739535, guid: b34ae8b7553dcae4981e41e1a7993ec2, type: 3}
      propertyPath: m_LocalEulerAnglesHint.x
      value: 0
      objectReference: {fileID: 0}
    - target: {fileID: 5659843770390739535, guid: b34ae8b7553dcae4981e41e1a7993ec2, type: 3}
      propertyPath: m_LocalEulerAnglesHint.y
      value: 0
      objectReference: {fileID: 0}
    - target: {fileID: 5659843770390739535, guid: b34ae8b7553dcae4981e41e1a7993ec2, type: 3}
      propertyPath: m_LocalEulerAnglesHint.z
      value: 0
      objectReference: {fileID: 0}
    - target: {fileID: 5659843770390739538, guid: b34ae8b7553dcae4981e41e1a7993ec2, type: 3}
      propertyPath: m_Name
      value: Obstacle (3)
      objectReference: {fileID: 0}
    - target: {fileID: 5659843770390739539, guid: b34ae8b7553dcae4981e41e1a7993ec2, type: 3}
      propertyPath: m_Mass
      value: 2
      objectReference: {fileID: 0}
    - target: {fileID: 5659843770390739539, guid: b34ae8b7553dcae4981e41e1a7993ec2, type: 3}
      propertyPath: m_Constraints
      value: 126
      objectReference: {fileID: 0}
    - target: {fileID: 5659843770390739539, guid: b34ae8b7553dcae4981e41e1a7993ec2, type: 3}
      propertyPath: m_CollisionDetection
      value: 1
      objectReference: {fileID: 0}
    m_RemovedComponents: []
  m_SourcePrefab: {fileID: 100100000, guid: b34ae8b7553dcae4981e41e1a7993ec2, type: 3}
--- !u!1001 &1994942312
PrefabInstance:
  m_ObjectHideFlags: 0
  serializedVersion: 2
  m_Modification:
    m_TransformParent: {fileID: 1104274740}
    m_Modifications:
    - target: {fileID: 5659843770390739535, guid: b34ae8b7553dcae4981e41e1a7993ec2, type: 3}
      propertyPath: m_RootOrder
      value: 0
      objectReference: {fileID: 0}
    - target: {fileID: 5659843770390739535, guid: b34ae8b7553dcae4981e41e1a7993ec2, type: 3}
      propertyPath: m_LocalScale.x
      value: 4
      objectReference: {fileID: 0}
    - target: {fileID: 5659843770390739535, guid: b34ae8b7553dcae4981e41e1a7993ec2, type: 3}
      propertyPath: m_LocalPosition.x
      value: 0
      objectReference: {fileID: 0}
    - target: {fileID: 5659843770390739535, guid: b34ae8b7553dcae4981e41e1a7993ec2, type: 3}
      propertyPath: m_LocalPosition.y
      value: 0
      objectReference: {fileID: 0}
    - target: {fileID: 5659843770390739535, guid: b34ae8b7553dcae4981e41e1a7993ec2, type: 3}
      propertyPath: m_LocalPosition.z
      value: 25
      objectReference: {fileID: 0}
    - target: {fileID: 5659843770390739535, guid: b34ae8b7553dcae4981e41e1a7993ec2, type: 3}
      propertyPath: m_LocalRotation.w
      value: 1
      objectReference: {fileID: 0}
    - target: {fileID: 5659843770390739535, guid: b34ae8b7553dcae4981e41e1a7993ec2, type: 3}
      propertyPath: m_LocalRotation.x
      value: -0
      objectReference: {fileID: 0}
    - target: {fileID: 5659843770390739535, guid: b34ae8b7553dcae4981e41e1a7993ec2, type: 3}
      propertyPath: m_LocalRotation.y
      value: -0
      objectReference: {fileID: 0}
    - target: {fileID: 5659843770390739535, guid: b34ae8b7553dcae4981e41e1a7993ec2, type: 3}
      propertyPath: m_LocalRotation.z
      value: -0
      objectReference: {fileID: 0}
    - target: {fileID: 5659843770390739535, guid: b34ae8b7553dcae4981e41e1a7993ec2, type: 3}
      propertyPath: m_LocalEulerAnglesHint.x
      value: 0
      objectReference: {fileID: 0}
    - target: {fileID: 5659843770390739535, guid: b34ae8b7553dcae4981e41e1a7993ec2, type: 3}
      propertyPath: m_LocalEulerAnglesHint.y
      value: 0
      objectReference: {fileID: 0}
    - target: {fileID: 5659843770390739535, guid: b34ae8b7553dcae4981e41e1a7993ec2, type: 3}
      propertyPath: m_LocalEulerAnglesHint.z
      value: 0
      objectReference: {fileID: 0}
    - target: {fileID: 5659843770390739538, guid: b34ae8b7553dcae4981e41e1a7993ec2, type: 3}
      propertyPath: m_Name
      value: Obstacle (1)
      objectReference: {fileID: 0}
    - target: {fileID: 5659843770390739539, guid: b34ae8b7553dcae4981e41e1a7993ec2, type: 3}
      propertyPath: m_Constraints
      value: 126
      objectReference: {fileID: 0}
    - target: {fileID: 5659843770390739539, guid: b34ae8b7553dcae4981e41e1a7993ec2, type: 3}
      propertyPath: m_CollisionDetection
      value: 1
      objectReference: {fileID: 0}
    m_RemovedComponents: []
  m_SourcePrefab: {fileID: 100100000, guid: b34ae8b7553dcae4981e41e1a7993ec2, type: 3}
--- !u!4 &2031230207 stripped
Transform:
  m_CorrespondingSourceObject: {fileID: 5659843770390739535, guid: b34ae8b7553dcae4981e41e1a7993ec2, type: 3}
  m_PrefabInstance: {fileID: 237001385}
  m_PrefabAsset: {fileID: 0}
--- !u!1001 &934399370111745591
PrefabInstance:
  m_ObjectHideFlags: 0
  serializedVersion: 2
  m_Modification:
    m_TransformParent: {fileID: 0}
    m_Modifications:
    - target: {fileID: 934399369158112356, guid: 4b1df8be3840e89498ad6d84e7c25da7, type: 3}
      propertyPath: m_RootOrder
      value: 0
      objectReference: {fileID: 0}
    - target: {fileID: 934399369158112356, guid: 4b1df8be3840e89498ad6d84e7c25da7, type: 3}
      propertyPath: m_LocalPosition.x
      value: 0
      objectReference: {fileID: 0}
    - target: {fileID: 934399369158112356, guid: 4b1df8be3840e89498ad6d84e7c25da7, type: 3}
      propertyPath: m_LocalPosition.y
      value: 0
      objectReference: {fileID: 0}
    - target: {fileID: 934399369158112356, guid: 4b1df8be3840e89498ad6d84e7c25da7, type: 3}
      propertyPath: m_LocalPosition.z
      value: 0
      objectReference: {fileID: 0}
    - target: {fileID: 934399369158112356, guid: 4b1df8be3840e89498ad6d84e7c25da7, type: 3}
      propertyPath: m_LocalRotation.w
      value: 1
      objectReference: {fileID: 0}
    - target: {fileID: 934399369158112356, guid: 4b1df8be3840e89498ad6d84e7c25da7, type: 3}
      propertyPath: m_LocalRotation.x
      value: 0
      objectReference: {fileID: 0}
    - target: {fileID: 934399369158112356, guid: 4b1df8be3840e89498ad6d84e7c25da7, type: 3}
      propertyPath: m_LocalRotation.y
      value: 0
      objectReference: {fileID: 0}
    - target: {fileID: 934399369158112356, guid: 4b1df8be3840e89498ad6d84e7c25da7, type: 3}
      propertyPath: m_LocalRotation.z
      value: 0
      objectReference: {fileID: 0}
    - target: {fileID: 934399369158112356, guid: 4b1df8be3840e89498ad6d84e7c25da7, type: 3}
      propertyPath: m_LocalEulerAnglesHint.x
      value: 0
      objectReference: {fileID: 0}
    - target: {fileID: 934399369158112356, guid: 4b1df8be3840e89498ad6d84e7c25da7, type: 3}
      propertyPath: m_LocalEulerAnglesHint.y
      value: 0
      objectReference: {fileID: 0}
    - target: {fileID: 934399369158112356, guid: 4b1df8be3840e89498ad6d84e7c25da7, type: 3}
      propertyPath: m_LocalEulerAnglesHint.z
      value: 0
      objectReference: {fileID: 0}
    - target: {fileID: 934399369158112357, guid: 4b1df8be3840e89498ad6d84e7c25da7, type: 3}
      propertyPath: completeLevelUI
      value: 
      objectReference: {fileID: 322515596}
    - target: {fileID: 934399369158112358, guid: 4b1df8be3840e89498ad6d84e7c25da7, type: 3}
      propertyPath: m_Name
      value: GameManager
      objectReference: {fileID: 0}
    m_RemovedComponents: []
  m_SourcePrefab: {fileID: 100100000, guid: 4b1df8be3840e89498ad6d84e7c25da7, type: 3}
--- !u!1001 &2607920371008661814
PrefabInstance:
  m_ObjectHideFlags: 0
  serializedVersion: 2
  m_Modification:
    m_TransformParent: {fileID: 0}
    m_Modifications:
    - target: {fileID: 2607920372500800483, guid: bc82122a9bbe7b341a8282174b9bd026, type: 3}
      propertyPath: gameManager
      value: 
      objectReference: {fileID: 1222593106}
    - target: {fileID: 7690736590355593453, guid: bc82122a9bbe7b341a8282174b9bd026, type: 3}
      propertyPath: m_Name
      value: END
      objectReference: {fileID: 0}
    - target: {fileID: 7690736590355593456, guid: bc82122a9bbe7b341a8282174b9bd026, type: 3}
      propertyPath: m_RootOrder
      value: 3
      objectReference: {fileID: 0}
    - target: {fileID: 7690736590355593456, guid: bc82122a9bbe7b341a8282174b9bd026, type: 3}
      propertyPath: m_LocalPosition.x
      value: 0
      objectReference: {fileID: 0}
    - target: {fileID: 7690736590355593456, guid: bc82122a9bbe7b341a8282174b9bd026, type: 3}
      propertyPath: m_LocalPosition.y
      value: 2.5
      objectReference: {fileID: 0}
    - target: {fileID: 7690736590355593456, guid: bc82122a9bbe7b341a8282174b9bd026, type: 3}
      propertyPath: m_LocalPosition.z
      value: 189
      objectReference: {fileID: 0}
    - target: {fileID: 7690736590355593456, guid: bc82122a9bbe7b341a8282174b9bd026, type: 3}
      propertyPath: m_LocalRotation.w
      value: 1
      objectReference: {fileID: 0}
    - target: {fileID: 7690736590355593456, guid: bc82122a9bbe7b341a8282174b9bd026, type: 3}
      propertyPath: m_LocalRotation.x
      value: 0
      objectReference: {fileID: 0}
    - target: {fileID: 7690736590355593456, guid: bc82122a9bbe7b341a8282174b9bd026, type: 3}
      propertyPath: m_LocalRotation.y
      value: 0
      objectReference: {fileID: 0}
    - target: {fileID: 7690736590355593456, guid: bc82122a9bbe7b341a8282174b9bd026, type: 3}
      propertyPath: m_LocalRotation.z
      value: 0
      objectReference: {fileID: 0}
    - target: {fileID: 7690736590355593456, guid: bc82122a9bbe7b341a8282174b9bd026, type: 3}
      propertyPath: m_LocalEulerAnglesHint.x
      value: 0
      objectReference: {fileID: 0}
    - target: {fileID: 7690736590355593456, guid: bc82122a9bbe7b341a8282174b9bd026, type: 3}
      propertyPath: m_LocalEulerAnglesHint.y
      value: 0
      objectReference: {fileID: 0}
    - target: {fileID: 7690736590355593456, guid: bc82122a9bbe7b341a8282174b9bd026, type: 3}
      propertyPath: m_LocalEulerAnglesHint.z
      value: 0
      objectReference: {fileID: 0}
    m_RemovedComponents: []
  m_SourcePrefab: {fileID: 100100000, guid: bc82122a9bbe7b341a8282174b9bd026, type: 3}
--- !u!1001 &4929903600582816485
PrefabInstance:
  m_ObjectHideFlags: 0
  serializedVersion: 2
  m_Modification:
    m_TransformParent: {fileID: 0}
    m_Modifications:
    - target: {fileID: 4929903599628148624, guid: ee05bc14d365b7a429cf0e299968a684, type: 3}
      propertyPath: player
      value: 
      objectReference: {fileID: 7741580388722859962}
    - target: {fileID: 4929903599628148624, guid: ee05bc14d365b7a429cf0e299968a684, type: 3}
      propertyPath: offset.z
      value: -6
      objectReference: {fileID: 0}
    - target: {fileID: 4929903599628148625, guid: ee05bc14d365b7a429cf0e299968a684, type: 3}
      propertyPath: m_RootOrder
      value: 2
      objectReference: {fileID: 0}
    - target: {fileID: 4929903599628148625, guid: ee05bc14d365b7a429cf0e299968a684, type: 3}
      propertyPath: m_LocalPosition.x
      value: 0
      objectReference: {fileID: 0}
    - target: {fileID: 4929903599628148625, guid: ee05bc14d365b7a429cf0e299968a684, type: 3}
      propertyPath: m_LocalPosition.y
      value: 2.3400002
      objectReference: {fileID: 0}
    - target: {fileID: 4929903599628148625, guid: ee05bc14d365b7a429cf0e299968a684, type: 3}
      propertyPath: m_LocalPosition.z
      value: -6.17
      objectReference: {fileID: 0}
    - target: {fileID: 4929903599628148625, guid: ee05bc14d365b7a429cf0e299968a684, type: 3}
      propertyPath: m_LocalRotation.w
      value: 1
      objectReference: {fileID: 0}
    - target: {fileID: 4929903599628148625, guid: ee05bc14d365b7a429cf0e299968a684, type: 3}
      propertyPath: m_LocalRotation.x
      value: -0
      objectReference: {fileID: 0}
    - target: {fileID: 4929903599628148625, guid: ee05bc14d365b7a429cf0e299968a684, type: 3}
      propertyPath: m_LocalRotation.y
      value: -0
      objectReference: {fileID: 0}
    - target: {fileID: 4929903599628148625, guid: ee05bc14d365b7a429cf0e299968a684, type: 3}
      propertyPath: m_LocalRotation.z
      value: -0
      objectReference: {fileID: 0}
    - target: {fileID: 4929903599628148625, guid: ee05bc14d365b7a429cf0e299968a684, type: 3}
      propertyPath: m_LocalEulerAnglesHint.x
      value: 0
      objectReference: {fileID: 0}
    - target: {fileID: 4929903599628148625, guid: ee05bc14d365b7a429cf0e299968a684, type: 3}
      propertyPath: m_LocalEulerAnglesHint.y
      value: 0
      objectReference: {fileID: 0}
    - target: {fileID: 4929903599628148625, guid: ee05bc14d365b7a429cf0e299968a684, type: 3}
      propertyPath: m_LocalEulerAnglesHint.z
      value: 0
      objectReference: {fileID: 0}
    - target: {fileID: 4929903599628148628, guid: ee05bc14d365b7a429cf0e299968a684, type: 3}
      propertyPath: m_Name
      value: Main Camera
      objectReference: {fileID: 0}
    m_RemovedComponents: []
  m_SourcePrefab: {fileID: 100100000, guid: ee05bc14d365b7a429cf0e299968a684, type: 3}
--- !u!1001 &5659843770786004316
PrefabInstance:
  m_ObjectHideFlags: 0
  serializedVersion: 2
  m_Modification:
    m_TransformParent: {fileID: 0}
    m_Modifications:
    - target: {fileID: 5659843770390739535, guid: b34ae8b7553dcae4981e41e1a7993ec2, type: 3}
      propertyPath: m_RootOrder
      value: 6
      objectReference: {fileID: 0}
    - target: {fileID: 5659843770390739535, guid: b34ae8b7553dcae4981e41e1a7993ec2, type: 3}
      propertyPath: m_LocalScale.x
      value: 2
      objectReference: {fileID: 0}
    - target: {fileID: 5659843770390739535, guid: b34ae8b7553dcae4981e41e1a7993ec2, type: 3}
      propertyPath: m_LocalPosition.x
      value: 0
      objectReference: {fileID: 0}
    - target: {fileID: 5659843770390739535, guid: b34ae8b7553dcae4981e41e1a7993ec2, type: 3}
      propertyPath: m_LocalPosition.y
      value: 1
      objectReference: {fileID: 0}
    - target: {fileID: 5659843770390739535, guid: b34ae8b7553dcae4981e41e1a7993ec2, type: 3}
      propertyPath: m_LocalPosition.z
      value: 50
      objectReference: {fileID: 0}
    - target: {fileID: 5659843770390739535, guid: b34ae8b7553dcae4981e41e1a7993ec2, type: 3}
      propertyPath: m_LocalRotation.w
      value: 1
      objectReference: {fileID: 0}
    - target: {fileID: 5659843770390739535, guid: b34ae8b7553dcae4981e41e1a7993ec2, type: 3}
      propertyPath: m_LocalRotation.x
      value: 0
      objectReference: {fileID: 0}
    - target: {fileID: 5659843770390739535, guid: b34ae8b7553dcae4981e41e1a7993ec2, type: 3}
      propertyPath: m_LocalRotation.y
      value: 0
      objectReference: {fileID: 0}
    - target: {fileID: 5659843770390739535, guid: b34ae8b7553dcae4981e41e1a7993ec2, type: 3}
      propertyPath: m_LocalRotation.z
      value: 0
      objectReference: {fileID: 0}
    - target: {fileID: 5659843770390739535, guid: b34ae8b7553dcae4981e41e1a7993ec2, type: 3}
      propertyPath: m_LocalEulerAnglesHint.x
      value: 0
      objectReference: {fileID: 0}
    - target: {fileID: 5659843770390739535, guid: b34ae8b7553dcae4981e41e1a7993ec2, type: 3}
      propertyPath: m_LocalEulerAnglesHint.y
      value: 0
      objectReference: {fileID: 0}
    - target: {fileID: 5659843770390739535, guid: b34ae8b7553dcae4981e41e1a7993ec2, type: 3}
      propertyPath: m_LocalEulerAnglesHint.z
      value: 0
      objectReference: {fileID: 0}
    - target: {fileID: 5659843770390739538, guid: b34ae8b7553dcae4981e41e1a7993ec2, type: 3}
      propertyPath: m_Name
      value: Obstacle
      objectReference: {fileID: 0}
    - target: {fileID: 5659843770390739539, guid: b34ae8b7553dcae4981e41e1a7993ec2, type: 3}
      propertyPath: m_Mass
      value: 2
      objectReference: {fileID: 0}
    - target: {fileID: 5659843770390739539, guid: b34ae8b7553dcae4981e41e1a7993ec2, type: 3}
      propertyPath: m_Constraints
      value: 126
      objectReference: {fileID: 0}
    - target: {fileID: 5659843770390739539, guid: b34ae8b7553dcae4981e41e1a7993ec2, type: 3}
      propertyPath: m_CollisionDetection
      value: 1
      objectReference: {fileID: 0}
    m_RemovedComponents: []
  m_SourcePrefab: {fileID: 100100000, guid: b34ae8b7553dcae4981e41e1a7993ec2, type: 3}
--- !u!1001 &6240055506831882797
PrefabInstance:
  m_ObjectHideFlags: 0
  serializedVersion: 2
  m_Modification:
    m_TransformParent: {fileID: 0}
    m_Modifications:
    - target: {fileID: 6240055506511464609, guid: 9e4f1aa2d28723c49874b94ffac8534e, type: 3}
      propertyPath: m_IsActive
      value: 0
      objectReference: {fileID: 0}
    - target: {fileID: 6240055506511464611, guid: 9e4f1aa2d28723c49874b94ffac8534e, type: 3}
      propertyPath: m_Color.a
      value: 1
      objectReference: {fileID: 0}
    - target: {fileID: 6240055506566840765, guid: 9e4f1aa2d28723c49874b94ffac8534e, type: 3}
      propertyPath: m_Text
      value: 
      objectReference: {fileID: 0}
    - target: {fileID: 6240055506566840767, guid: 9e4f1aa2d28723c49874b94ffac8534e, type: 3}
      propertyPath: player
      value: 
      objectReference: {fileID: 7741580388722859962}
    - target: {fileID: 6240055506733866512, guid: 9e4f1aa2d28723c49874b94ffac8534e, type: 3}
      propertyPath: m_Color.a
      value: 1
      objectReference: {fileID: 0}
    - target: {fileID: 6240055506886708603, guid: 9e4f1aa2d28723c49874b94ffac8534e, type: 3}
      propertyPath: m_Pivot.x
      value: 0
      objectReference: {fileID: 0}
    - target: {fileID: 6240055506886708603, guid: 9e4f1aa2d28723c49874b94ffac8534e, type: 3}
      propertyPath: m_Pivot.y
      value: 0
      objectReference: {fileID: 0}
    - target: {fileID: 6240055506886708603, guid: 9e4f1aa2d28723c49874b94ffac8534e, type: 3}
      propertyPath: m_RootOrder
      value: 7
      objectReference: {fileID: 0}
    - target: {fileID: 6240055506886708603, guid: 9e4f1aa2d28723c49874b94ffac8534e, type: 3}
      propertyPath: m_AnchorMax.x
      value: 0
      objectReference: {fileID: 0}
    - target: {fileID: 6240055506886708603, guid: 9e4f1aa2d28723c49874b94ffac8534e, type: 3}
      propertyPath: m_AnchorMax.y
      value: 0
      objectReference: {fileID: 0}
    - target: {fileID: 6240055506886708603, guid: 9e4f1aa2d28723c49874b94ffac8534e, type: 3}
      propertyPath: m_AnchorMin.x
      value: 0
      objectReference: {fileID: 0}
    - target: {fileID: 6240055506886708603, guid: 9e4f1aa2d28723c49874b94ffac8534e, type: 3}
      propertyPath: m_AnchorMin.y
      value: 0
      objectReference: {fileID: 0}
    - target: {fileID: 6240055506886708603, guid: 9e4f1aa2d28723c49874b94ffac8534e, type: 3}
      propertyPath: m_SizeDelta.x
      value: 0
      objectReference: {fileID: 0}
    - target: {fileID: 6240055506886708603, guid: 9e4f1aa2d28723c49874b94ffac8534e, type: 3}
      propertyPath: m_SizeDelta.y
      value: 0
      objectReference: {fileID: 0}
    - target: {fileID: 6240055506886708603, guid: 9e4f1aa2d28723c49874b94ffac8534e, type: 3}
      propertyPath: m_LocalPosition.x
      value: 0
      objectReference: {fileID: 0}
    - target: {fileID: 6240055506886708603, guid: 9e4f1aa2d28723c49874b94ffac8534e, type: 3}
      propertyPath: m_LocalPosition.y
      value: 0
      objectReference: {fileID: 0}
    - target: {fileID: 6240055506886708603, guid: 9e4f1aa2d28723c49874b94ffac8534e, type: 3}
      propertyPath: m_LocalPosition.z
      value: 0
      objectReference: {fileID: 0}
    - target: {fileID: 6240055506886708603, guid: 9e4f1aa2d28723c49874b94ffac8534e, type: 3}
      propertyPath: m_LocalRotation.w
      value: 1
      objectReference: {fileID: 0}
    - target: {fileID: 6240055506886708603, guid: 9e4f1aa2d28723c49874b94ffac8534e, type: 3}
      propertyPath: m_LocalRotation.x
      value: 0
      objectReference: {fileID: 0}
    - target: {fileID: 6240055506886708603, guid: 9e4f1aa2d28723c49874b94ffac8534e, type: 3}
      propertyPath: m_LocalRotation.y
      value: 0
      objectReference: {fileID: 0}
    - target: {fileID: 6240055506886708603, guid: 9e4f1aa2d28723c49874b94ffac8534e, type: 3}
      propertyPath: m_LocalRotation.z
      value: 0
      objectReference: {fileID: 0}
    - target: {fileID: 6240055506886708603, guid: 9e4f1aa2d28723c49874b94ffac8534e, type: 3}
      propertyPath: m_AnchoredPosition.x
      value: 0
      objectReference: {fileID: 0}
    - target: {fileID: 6240055506886708603, guid: 9e4f1aa2d28723c49874b94ffac8534e, type: 3}
      propertyPath: m_AnchoredPosition.y
      value: 0
      objectReference: {fileID: 0}
    - target: {fileID: 6240055506886708603, guid: 9e4f1aa2d28723c49874b94ffac8534e, type: 3}
      propertyPath: m_LocalEulerAnglesHint.x
      value: 0
      objectReference: {fileID: 0}
    - target: {fileID: 6240055506886708603, guid: 9e4f1aa2d28723c49874b94ffac8534e, type: 3}
      propertyPath: m_LocalEulerAnglesHint.y
      value: 0
      objectReference: {fileID: 0}
    - target: {fileID: 6240055506886708603, guid: 9e4f1aa2d28723c49874b94ffac8534e, type: 3}
      propertyPath: m_LocalEulerAnglesHint.z
      value: 0
      objectReference: {fileID: 0}
    - target: {fileID: 6240055506886708607, guid: 9e4f1aa2d28723c49874b94ffac8534e, type: 3}
      propertyPath: m_Name
      value: Canvas
      objectReference: {fileID: 0}
    - target: {fileID: 6240055508348670356, guid: 9e4f1aa2d28723c49874b94ffac8534e, type: 3}
      propertyPath: m_Color.a
      value: 1
      objectReference: {fileID: 0}
    m_RemovedComponents: []
  m_SourcePrefab: {fileID: 100100000, guid: 9e4f1aa2d28723c49874b94ffac8534e, type: 3}
--- !u!114 &6240055506831882798 stripped
MonoBehaviour:
  m_CorrespondingSourceObject: {fileID: 6240055506566840765, guid: 9e4f1aa2d28723c49874b94ffac8534e, type: 3}
  m_PrefabInstance: {fileID: 6240055506831882797}
  m_PrefabAsset: {fileID: 0}
  m_GameObject: {fileID: 0}
  m_Enabled: 1
  m_EditorHideFlags: 0
  m_Script: {fileID: 11500000, guid: 5f7201a12d95ffc409449d95f23cf332, type: 3}
  m_Name: 
  m_EditorClassIdentifier: 
--- !u!1001 &7741580388722859961
PrefabInstance:
  m_ObjectHideFlags: 0
  serializedVersion: 2
  m_Modification:
    m_TransformParent: {fileID: 0}
    m_Modifications:
    - target: {fileID: 1466676099513168708, guid: 5c23958535625da4284354d568a1c5ef, type: 3}
      propertyPath: m_RootOrder
      value: 1
      objectReference: {fileID: 0}
    - target: {fileID: 1466676099513168710, guid: 5c23958535625da4284354d568a1c5ef, type: 3}
      propertyPath: scoreText
      value: 
      objectReference: {fileID: 6240055506831882798}
    - target: {fileID: 1466676099513168711, guid: 5c23958535625da4284354d568a1c5ef, type: 3}
      propertyPath: fractured
      value: 
      objectReference: {fileID: 1833116250227326411, guid: 2edafd08324c7d641b2739ce53174630, type: 3}
    - target: {fileID: 7741580387588583041, guid: 5c23958535625da4284354d568a1c5ef, type: 3}
      propertyPath: m_Name
      value: Player
      objectReference: {fileID: 0}
    - target: {fileID: 7741580387588583045, guid: 5c23958535625da4284354d568a1c5ef, type: 3}
      propertyPath: m_RootOrder
      value: 5
      objectReference: {fileID: 0}
    - target: {fileID: 7741580387588583045, guid: 5c23958535625da4284354d568a1c5ef, type: 3}
      propertyPath: m_LocalPosition.x
      value: 0
      objectReference: {fileID: 0}
    - target: {fileID: 7741580387588583045, guid: 5c23958535625da4284354d568a1c5ef, type: 3}
      propertyPath: m_LocalPosition.y
      value: 1
      objectReference: {fileID: 0}
    - target: {fileID: 7741580387588583045, guid: 5c23958535625da4284354d568a1c5ef, type: 3}
      propertyPath: m_LocalPosition.z
      value: 0
      objectReference: {fileID: 0}
    - target: {fileID: 7741580387588583045, guid: 5c23958535625da4284354d568a1c5ef, type: 3}
      propertyPath: m_LocalRotation.w
      value: 1
      objectReference: {fileID: 0}
    - target: {fileID: 7741580387588583045, guid: 5c23958535625da4284354d568a1c5ef, type: 3}
      propertyPath: m_LocalRotation.x
      value: 0
      objectReference: {fileID: 0}
    - target: {fileID: 7741580387588583045, guid: 5c23958535625da4284354d568a1c5ef, type: 3}
      propertyPath: m_LocalRotation.y
      value: 0
      objectReference: {fileID: 0}
    - target: {fileID: 7741580387588583045, guid: 5c23958535625da4284354d568a1c5ef, type: 3}
      propertyPath: m_LocalRotation.z
      value: 0
      objectReference: {fileID: 0}
    - target: {fileID: 7741580387588583045, guid: 5c23958535625da4284354d568a1c5ef, type: 3}
      propertyPath: m_LocalEulerAnglesHint.x
      value: 0
      objectReference: {fileID: 0}
    - target: {fileID: 7741580387588583045, guid: 5c23958535625da4284354d568a1c5ef, type: 3}
      propertyPath: m_LocalEulerAnglesHint.y
      value: 0
      objectReference: {fileID: 0}
    - target: {fileID: 7741580387588583045, guid: 5c23958535625da4284354d568a1c5ef, type: 3}
      propertyPath: m_LocalEulerAnglesHint.z
      value: 0
      objectReference: {fileID: 0}
    m_RemovedComponents: []
  m_SourcePrefab: {fileID: 100100000, guid: 5c23958535625da4284354d568a1c5ef, type: 3}
--- !u!4 &7741580388722859962 stripped
Transform:
  m_CorrespondingSourceObject: {fileID: 1466676099513168708, guid: 5c23958535625da4284354d568a1c5ef, type: 3}
  m_PrefabInstance: {fileID: 7741580388722859961}
  m_PrefabAsset: {fileID: 0}
